2940 4950
577 486 760 535 assuens.
1080 472 1147 538 363

188 653 312 727 ceptus
337 643 373 707 in
396 643 545 726 quadam
568 644 652 708 villa
673 645 780 729 Juxta
801 654 939 728 portum
961 647 1021 729 qui
1044 666 1143 712 voca·

190 752 249 809 tur
278 744 444 808 Exclusa.
482 738 628 808 ¹Nautae
652 745 864 809 Portuenses
890 754 926 811 et
952 745 1144 812 Gernemu-

190 845 331 909 tbenses
367 852 488 908 mutuo
527 843 716 926 flagrantes
755 844 844 920 odio,
874 847 1051 911 evacuatis
1082 867 1144 912 na·

191 945 294 1009 vibus
319 944 364 1009 ab
382 943 436 1007 bis
455 938 553 1025 'quae
577 944 724 1009 militum
749 952 860 1022 erant,
887 955 1073 1011 conserunt
1099 948 1143 1012 ad

190 1045 338 1108 invicem
374 1062 515 1125 gravem
555 1064 732 1127 pugnam3
772 1047 1144 1130 succumbentibusquo

191 1143 547 1209 Gernemuthensibus
591 1144 634 1209 de
667 1138 831 1209 'navibus
869 1165 987 1210 eorum
1019 1148 1144 1230 viginti

192 1243 346 1327 quinque
377 1242 536 1308 incendio
562 1250 822 1308 consumuntur.
885 1245 966 1310 Rex
991 1245 1305 1328 Angliaessnmnn.

192 1343 362 1426 Brugiam
386 1343 539 1420 veniens,
568 1362 745 1408 assensum
771 1344 978 1409 villanorum
1001 1346 1036 1409 in
1061 1318 1301 1411 con-liblllll..

192 1443 352 1521 ditiones,
377 1443 605 1527 interipsum
634 1452 669 1508 et
692 1445 851 1508 comitem
878 1445 994 1522 initas,
1020 1447 1144 1529 petivit

192 1562 239 1608 ox
271 1551 370 1627 parte
397 1563 461 1607 sua
491 1550 527 1607 et
552 1545 701 1621 comitis,
724 1544 943 1610 medietatem
976 1563 1144 1630 expensa-

192 1663 268 1707 rum
279 1643 424 1708 offerens
438 1643 482 1708 ad
499 1643 718 1708 muniendam
735 1644 1009 1728 cingendamque
1026 1645 1144 1710 villam

190 1742 336 1809 fossato.
388 1742 478 1821 Quas
501 1763 580 1807 cum
608 1743 727 1808 villani
750 1753 946 1822 renuerent,
977 1747 1143 1830 comperit

192 1862 253 1907 eos
285 1862 308 1907 a
331 1862 396 1907 suo
418 1843 587 1908 alienatos
613 1843 777 1922 dominio,
806 1853 841 1908 et
869 1844 911 1908 ad
936 1845 1143 1909 reddendam

195 1942 311 2007 villam
336 1942 483 2008 Gallicis
511 1943 720 2023 inclinatos;
753 1952 987 2026 reputansque
1008 1946 1143 2028 pericu-

191 2043 304 2108 losum
337 2062 468 2108 moram
501 2042 615 2107 facere
647 2045 737 2107 inter
773 2044 978 2126 proditores,
1009 2053 1144 2110 armato

191 2143 348 2207 exercitu
379 2143 570 2221 discedens,
599 2162 720 2207 versus
752 2144 870 2207 villam
899 2138 1143 2225 ⁴[Gandaven-

191 2262 266 2307 sem
286 2243 406 2326 dirigit
428 2244 495 2308 iter
518 2262 644 2322 suum3
668 2244 726 2307 ubi
746 2243 827 2308 dum
851 2251 1045 2308 moraretur
1067 2264 1143 2322 rex,

190 2344 335 2407 suborta
366 2350 421 2407 ost
451 2343 543 2426 apud
577 2343 712 2426 villam]
744 2344 937 2408 Damonem
972 2344 1145 2408 discordia

190 2443 282 2506 inter
309 2437 474 2508 ⁵villanos
506 2451 542 2508 et
571 2440 751 2525 Anglicos,
779 2443 839 2527 qui
866 2444 985 2508 statim
1019 2445 1144 2509 armati

188 2542 309 2607 villam
337 2543 449 2625 ipsam
478 2543 596 2608 multis
621 2543 812 2607 intersectis
842 2543 1030 2627 depraedati
1057 2553 1141 2609 sunt

188 2643 226 2706 iu
253 2642 506 2726 displicentiam
535 2662 697 2725 maguam
726 2644 828 2725 regis.
881 2643 960 2708 Rex
988 2644 1139 2709 Franco-

190 2761 280 2819 rum,
307 2741 427 2807 audito
452 2742 603 2807 adventu
634 2744 726 2825 regis
751 2742 945 2826 Anglorum
970 2743 1006 2808 in
1037 2745 1141 2808 Flan-

189 2840 313 2919 driam,
335 2842 555 2908 vehementer
574 2851 826 2921 consternatus,
850 2844 895 2908 ad
914 2845 1016 2910 unius
1038 2846 1141 2911 dietas

190 2943 343 3024 spatium
360 2960 398 3006 se
413 2942 601 3007 subtraxit.

235 3040 379 3105 Interim
402 3060 494 3125 papa
516 3042 717 3107 Bonifacius
743 3043 953 3127 principibus
975 3044 1140 3110 Aleman·
1154 3068 1254 3109 nostras

189 3142 258 3204 niae
283 3141 434 3223 scripsit,
458 3150 498 3206 ut
527 3161 641 3224 regem
669 3141 848 3220 Adulsum,
873 3141 991 3228 (cujus
1020 3164 1139 3209 occur·
1153 3120 1289 3209 libila

187 3260 266 3304 sum
281 3241 316 3304 in
337 3240 503 3305 Flandria
519 3248 720 3324 speraverat
738 3261 801 3305 rex
817 3240 968 3324 Angliae,
985 3251 1023 3305 ut
1038 3244 1139 3307 simul
1152 3230 1241 3319 life?

187 3361 267 3405 cum
290 3341 416 3406 comite
437 3360 659 3425 oppressores
679 3341 925 3424 invasoresqus
948 3360 1031 3404 suos
1055 3342 1140 3406 Gal·

186 3440 274 3504 licos
300 3439 550 3524 propulsaret)
579 3448 751 3506 commoto
778 3441 869 3505 bello
897 3441 1140 3524 inquietarent,

186 3547 223 3604 et
253 3541 297 3604 ab
321 3541 499 3607 invasione
525 3540 741 3605 Gallicorum
766 3541 877 3606 modis
898 3541 1056 3605 omnibns
1078 3543 1141 3605 im-

185 3638 354 3722 pedirent.
407 3640 561 3706 Comites
579 3640 777 3705 Hersordiae
792 3650 828 3706 et
848 3641 1047 3706 Marescalli
1062 3661 1139 3706 cum

186 3740 411 3824 complicibus
437 3741 521 3818 suis,
554 3747 633 3824 post
658 3740 749 3823 regis
776 3743 973 3819 transitum,
1004 3741 1139 3807 thesau-

185 3840 278 3904 rario
304 3848 340 3905 et
365 3842 553 3905 baronibus
575 3840 617 3905 de
639 3843 814 3908 scaccario
840 3843 1073 3919 inhibuerunt,
1096 3863 1139 3906 ne

222 4062 650 4116 ¹‘Msriusriidel’ortubusetds
714 4064 758 4116 ⁴i.
769 4081 793 4115 ο.
822 4065 928 4115 Ghent:
963 4065 1005 4114 tbs
1036 4070 1088 4114 rest
1113 4067 1140 4115 ln

182 4135 509 4254 Jspnpmoiuffllemdlt.
676 4136 795 4185 brackets
808 4137 830 4184 is
841 4135 983 4184 omittedin
995 4135 1043 4187 Ar.

219 4273 231 4306 ⁸
246 4220 401 4336 “druidibusp'
414 4276 483 4326 D's.
709 4272 721 4303 ⁸
737 4270 926 4335 ‘Wullem3'
938 4274 1064 4324 Maur·
