2940 4950
336 453 379 515 14
695 469 766 516 uro.
790 467 937 515 auruum

337 642 534 704 germanus,
549 623 604 687 vir
624 624 742 687 multae
764 624 801 687 in
816 640 922 703 reguo
943 620 1122 703 potentiae,
1144 619 1298 684 callidus

336 721 519 786 admodum
538 722 823 804 pecuniosusque,
841 740 904 784 nec
922 719 1044 784 nonin
1058 718 1189 800 Anglia
1205 738 1297 802 apo-

335 820 470 884 stolicae
483 820 574 884 sedis
586 821 735 901 legatus,
747 821 790 884 ad
805 817 1006 884 solvendam
1019 819 1235 882 obsidionem
1247 838 1296 882 ax

338 918 475 993 Canna,
499 937 600 1002 quam
628 919 736 981 solam
764 937 865 982 casus
895 938 963 981 non
991 917 1139 981 flexerat
1160 917 1295 998 regius,

338 1016 562 1081 Guillelmum
591 1018 769 1099 lprensem
796 1013 884 1080 ¹cum
912 1017 1045 1097 regina,
1075 1024 1111 1080 et
1136 1034 1180 1079 ex
1210 1017 1296 1081 aliis

337 1117 523 1199 provinciis
560 1116 831 1198 quamplurimos
870 1109 1080 1197 ²acquisivit.
1132 1114 1296 1197 Cumque

333 1215 409 1297 jam
421 1216 605 1278 immensas
617 1216 848 1278 contraxisset
859 1214 989 1296 copias,
1000 1233 1062 1296 per
1072 1213 1146 1277 dies
1155 1214 1295 1294 aliquot

338 1323 482 1397 uterque
502 1315 675 1377 exercitus
692 1315 888 1377 excubabat
902 1314 938 1375 in
956 1312 1093 1387 castriS,
1110 1320 1145 1376 et
1162 1321 1294 1393 proeter

337 1431 396 1475 eos
415 1413 531 1494 quide
553 1414 676 1475 castris
698 1413 827 1492 egressi
849 1430 912 1493 pro
933 1412 1057 1475 virium
1081 1412 1295 1474 exerceban-

338 1516 395 1573 tur
410 1511 652 1587 ostentatione,
668 1512 711 1574 ab
728 1518 808 1574 actu
821 1529 945 1573 vacare
958 1509 1082 1573 bellico
1096 1509 1293 1573 videbatur.

339 1608 470 1672 Verum
500 1610 723 1672 advenientes
752 1628 889 1690 magnae
916 1628 961 1672 ex
988 1607 1293 1672 Londoniensibus

338 1707 459 1788 copiae,
480 1708 514 1770 in
535 1715 669 1771 tantum
690 1710 881 1789 augebatur
907 1707 1164 1770 adversantium
1183 1707 1295 1788 impe·

339 1806 456 1868 ratrici
476 1806 661 1882 exercitus,
681 1814 720 1870 ut
739 1807 816 1889 ipsa
837 1807 911 1888 jam
933 1805 1045 1887 impar
1065 1805 1110 1869 ad
1125 1823 1294 1887 pugnam,

339 1903 462 1967 relicta
476 1904 718 1986 Wyntoniensi
738 1906 880 1969 civitate
904 1903 1155 1986 direptionique
1181 1922 1294 1985 expo·

338 2002 419 2078 sita,
441 1997 526 2066 ³suae
542 2022 603 2085 per
625 2003 741 2084 fugam
768 2004 872 2067 saluti
894 2003 1072 2067 consulere
1095 2008 1292 2084 cogeretur.

340 2100 473 2182 Captus
506 2109 558 2165 est
592 2102 629 2163 in
661 2102 722 2165 illa
757 2101 841 2182 fuga
873 2101 1048 2165 Robartus
1089 2100 1293 2166 Gloverniae

338 2219 465 2277 comes,
482 2219 558 2263 cum
586 2200 662 2263 aliis
684 2200 840 2282 plurimis
867 2199 1032 2263 militibus
1055 2207 1091 2263 et
1116 2199 1293 2264 scutiferis

338 2298 464 2363 diversi
490 2300 626 2381 generis
654 2307 690 2364 et
719 2300 870 2362 honoris.
922 2297 1032 2362 Porro
1062 2318 1124 2362 rex
1157 2299 1291 2376 David,

338 2417 381 2461 ne
405 2399 441 2461 in
459 2419 581 2462 manus
603 2399 768 2462 inciderat
792 2397 953 2473 hostium,
976 2397 1182 2479 quibusdam
1208 2416 1290 2463 eum

337 2506 438 2561 caute
464 2497 724 2572 deducentibus,
750 2498 858 2561 multo
885 2505 979 2560 metu
1004 2505 1040 2559 et
1063 2496 1214 2577 periculo
1240 2496 1290 2560 ad

174 2612 308 2659 ruenni·
337 2596 477 2677 propria
502 2596 679 2658 remeavit.
731 2595 822 2659 Sane
847 2596 1032 2676 insignium
1056 2594 1291 2677 captivorum,

175 2662 431 2774 ll⁶ll¹lilarragis
449 2692 610 2756 videlicet
632 2702 667 2757 et
686 2695 831 2770 comitis,
854 2694 948 2758 sacta
972 2701 1025 2757 est
1051 2693 1290 2769 commutatio,

176 2761 305 2801 ⁰¹⁰¹¹⁰⁰⁸¹⁶⁵
339 2798 375 2855 et
391 2792 689 2873 perseverantibus
710 2792 908 2868 inimicitiis,
933 2801 1078 2873 uterque
1100 2812 1163 2874 pro
1178 2793 1293 2857 altero

341 2890 406 2954 sibi
424 2889 577 2953 redditus
591 2899 644 2954 est
661 2898 696 2955 et
712 2892 796 2954 suis.

393 2988 554 3068 Rogatus
582 2990 624 3052 de
652 2990 782 3066 Sicilia,
806 2989 897 3052 filius
924 2990 1070 3054 Roberti
1099 2988 1292 3053 Guiscardi

339 3084 543 3165 Normanni,
563 3089 623 3170 qui
642 3087 781 3170 Apuliae
803 3096 838 3152 et
860 3088 1032 3152 Calabriae
1055 3088 1291 3170 principatum

336 3186 459 3262 tenuit,
488 3205 510 3249 a
539 3206 631 3268 papa
654 3186 870 3265 Innocentio,
897 3194 1037 3269 propter
1064 3187 1292 3251 investituras

335 3284 569 3363 ecclesiarum,
599 3305 685 3368 quas
718 3286 785 3350 sibi
827 3286 1020 3366 usurpavit,
1057 3285 1291 3349 anathematis

335 3386 507 3449 sententia
526 3385 720 3450 innodatur.
774 3384 844 3463 Qui
865 3392 945 3468 post
964 3383 1077 3467 ipsum
1099 3403 1225 3467 papam
1249 3384 1290 3448 in

335 3483 425 3547 bello
443 3486 546 3568 cepit,
562 3493 596 3550 et
617 3505 694 3548 cnm
718 3505 759 3548 eo
780 3485 873 3548 sacta
895 3503 980 3567 pace
1000 3484 1162 3560 obtinuit,
1189 3490 1228 3547 ut
1250 3481 1291 3547 iu

334 3600 450 3661 regem
475 3592 699 3647 coronaretur
722 3583 860 3647 Siciliae.
922 3584 1048 3665 Sicque
1083 3583 1213 3665 primus
1244 3581 1291 3646 de

334 3698 461 3759 genere
492 3681 771 3746 Normaunorum
814 3702 936 3746 nomen
978 3682 1070 3763 regis
1105 3699 1290 3764 usurpans,

335 3785 457 3860 postea
473 3798 570 3861 paane
584 3788 692 3845 totam
711 3779 866 3845 Africam
886 3781 1081 3863 acquisivit.

371 4001 378 4032 ¹
390 4004 517 4064 ‘quierat
529 4019 586 4052 cum
598 4006 685 4067 regina
693 4001 709 4066 ;‘
728 4006 795 4057 D'A.
858 4003 949 4054 '‘suae
961 4000 1136 4067 suorumqua;‘
1154 4007 1193 4055 M.

368 4072 379 4100 ³
389 4077 396 4102 ⁴
406 4074 539 4123 accersivit
545 4069 560 4134 ς’
577 4074 624 4123 Ar.
