2948 4942
177 630 238 677 stege
247 629 271 667 ol

177 680 231 719 Aere
240 680 266 727 by
275 679 312 718 the

177 729 253 768 solean
264 729 288 767 of

177 779 278 828 Babylon.

183 3216 203 3255 lt
212 3214 231 3256 lr
240 3216 311 3256 taken.

339 439 405 504 318
706 453 779 502 ruo.
795 453 943 501 rnrvnrr

339 631 417 676 cum
450 630 577 693 magno
610 610 754 674 tendens
791 610 958 684 exercitu,
989 610 1025 672 in
1055 610 1132 691 ipso
1162 609 1286 673 itinere

339 711 504 774 moritur:
548 710 648 794 cujus
686 709 776 773 filius
815 709 987 774 Soldanus
1019 708 1131 773 factus
1167 717 1287 793 coepta

339 811 449 892 patris
469 811 699 892 prosequitur,
719 817 754 873 et
775 809 951 873 civitatem
972 806 1096 871 Achon
1114 808 1289 885 obsidens,

338 929 361 973 a
388 917 511 990 quarto
538 910 592 972 die
615 909 741 972 mensis
764 908 852 971 Maii
875 928 936 990 per
962 907 1081 972 decem
1106 908 1181 972 dies
1206 927 1291 971 oon·

340 1008 456 1072 tinuos
490 1007 675 1072 fortissime
712 1007 938 1090 oppugnavit.
1006 1006 1109 1071 Cives
1144 1007 1291 1070 viriliter

342 1109 462 1171 urbem
492 1106 710 1171 defendentes
743 1108 877 1171 interim
916 1105 1097 1171 thesauros
1130 1126 1213 1170 suos
1248 1125 1292 1171 ac

343 1226 486 1283 merces,
511 1214 819 1288 sacrosanctasqoe
852 1206 1027 1289 reliquias,
1056 1224 1156 1269 senes
1184 1207 1292 1273 etiam

344 1315 380 1371 et
399 1307 541 1383 debiles,
560 1306 719 1370 mulieres
739 1314 776 1369 et
796 1306 972 1388 parvulos,
989 1305 1144 1368 fecerunt
1166 1306 1202 1369 in
1221 1305 1292 1388 Cy·

344 1426 444 1489 prum
470 1407 609 1487 navigio
630 1405 815 1487 deportari.
881 1404 986 1468 Multi
1009 1406 1113 1468 etiam
1133 1413 1205 1468 tam
1230 1424 1293 1487 pe·

344 1506 433 1570 dites
455 1525 558 1587 qoam
584 1506 717 1586 equites
735 1498 961 1568 ¹discedentes
986 1503 1031 1567 ad
1058 1504 1292 1568 defensionem

344 1604 496 1668 civitatis
520 1611 653 1668 tanturn
680 1604 892 1686 reliquerunt
907 1603 1088 1668 duodecim
1109 1603 1218 1667 millia
1234 1622 1290 1667 ar-

344 1710 526 1767 matorum.
579 1701 711 1780 Quinta
733 1703 865 1767 decima
885 1722 965 1767 vero
988 1703 1043 1767 die
1067 1702 1195 1766 mensis
1217 1708 1291 1766 tam

343 1821 485 1883 gravem
511 1802 677 1865 dederunt
705 1801 868 1866 Saraceni
899 1802 1078 1878 insultum,
1106 1802 1199 1884 quod
1233 1821 1291 1866 ce·

343 1900 445 1965 dente
467 1902 538 1965 fere
554 1902 644 1982 regis
669 1899 776 1984 Cypri
793 1901 951 1965 custodia
967 1902 1143 1965 civitatem
1159 1902 1290 1965 intras·

343 2014 432 2077 sent,
463 2002 529 2064 nisi
562 2002 754 2065 obscuritas
788 2001 899 2064 noctis
931 2001 1148 2083 alienumque
1179 2001 1290 2065 subsi-

343 2101 435 2164 dium
452 2093 694 2165 ²obstitissent
742 2100 900 2182 Denique
916 2120 979 2164 rex
994 2100 1101 2183 Cypri
1116 2107 1219 2165 nocte
1236 2118 1292 2164 se·

343 2201 473 2283 quenti,
505 2201 687 2264 commissa
718 2199 875 2263 custodia
891 2192 1006 2288 ³[sua]
1036 2200 1194 2264 ministro
1225 2201 1290 2264 mi-

342 2300 428 2365 litiae
453 2300 575 2364 domus
598 2300 877 2376 Teutonicorum,
899 2301 1103 2381 promittens
1125 2319 1163 2364 se
1190 2319 1292 2365 mane

344 2401 545 2477 rediturum,
567 2398 701 2480 aufugit
720 2399 755 2462 in
778 2397 942 2481 Cyprum.
994 2398 1156 2464 Saraceni
1173 2406 1292 2463 autem

344 2499 500 2563 videntes
523 2500 559 2562 in
579 2499 729 2563 crastino
745 2498 920 2562 civitatem
936 2499 1093 2563 custodia
1110 2499 1203 2580 regis
1221 2498 1291 2581 Cy·

344 2601 397 2680 pri
427 2599 640 2675 destitutam,
674 2618 718 2661 ex
749 2605 846 2679 parte
877 2597 938 2661 illa
969 2597 1111 2679 impleto
1144 2598 1289 2675 fossato,

343 2697 489 2778 ingressi
526 2707 608 2761 sunt
645 2699 772 2773 urbem,
808 2696 997 2779 praelioque
1036 2698 1178 2780 ancipiti
1211 2718 1290 2762 cum

345 2795 550 2859 Christianis
573 2796 706 2859 duobus
731 2795 863 2873 diebus,
891 2815 982 2860 nune
1011 2795 1077 2874 hie,
1100 2816 1192 2860 nunc
1221 2797 1290 2861 illis

343 2894 624 2977 praevalentibus,
648 2894 864 2959 dimicarunt.
932 2895 1053 2959 Tertia
1072 2896 1211 2959 tandem
1237 2896 1292 2961 die

342 2994 552 3076 irrumpente
580 3013 642 3076 per
669 3001 803 3075 portam
835 2995 945 3058 sancti
976 2993 1120 3059 Antonii
1146 2995 1290 3060 Sarace-

343 3112 463 3156 norum
480 3092 710 3169 multitudine,
730 3086 1006 3176 4interfectisque
1029 3094 1238 3177 Templnriis
1255 3102 1291 3159 et

345 3192 605 3276 Hospitalariis,
632 3194 749 3256 urbem
771 3194 924 3275 capiunt,
955 3213 1072 3257 muros
1103 3195 1180 3278 ejus
1212 3215 1290 3258 cum

345 3295 510 3369 turribus,
541 3293 772 3374 ecclesiasque
801 3311 878 3355 cum
911 3292 1068 3357 domibus
1104 3294 1182 3358 aliis
1213 3295 1291 3360 fun·

344 3394 436 3457 ditus
461 3399 665 3457 evertentes.
718 3390 922 3455 Patriarcha
946 3411 1041 3469 vero,
1069 3393 1128 3475 qui
1161 3393 1205 3456 de
1236 3415 1291 3458 or·

343 3552 393 3601 For
404 3568 436 3602 an
450 3557 557 3602 account
567 3552 596 3601 of
603 3554 645 3602 the
656 3553 765 3602 removal
777 3552 807 3601 ol
865 3547 874 3577 ⁴
890 3551 942 3599 ‘Et
952 3551 1047 3600 dicitur
1062 3551 1109 3599 hoe
1126 3552 1292 3602 infortunium

343 3620 388 3670 her
404 3623 481 3682 body,
497 3636 540 3670 see
557 3621 651 3672 Chron.
671 3623 765 3672 Dunst.
778 3639 803 3684 p.
829 3620 989 3669 doloriferum
1001 3636 1048 3683 per
1056 3621 1295 3682 Hospitalariumet

342 3694 405 3751 2⁸⁷3
425 3691 475 3739 aud
494 3690 532 3739 sor
548 3690 590 3740 the
609 3707 656 3740 use
675 3698 700 3740 to
719 3693 804 3742 which
828 3690 1027 3752 Templariorum
1044 3691 1197 3740 discordiam
1215 3694 1295 3742 eonti-

341 3766 393 3808 two
404 3760 433 3808 oi
441 3760 591 3808 theomenes
606 3762 706 3810 erected
718 3768 743 3811 to
760 3763 805 3812 her
829 3761 908 3821 gisem
916 3765 942 3810 et
949 3762 1079 3822 praecipue
1091 3768 1194 3822 propter
1203 3763 1292 3811 vitium

341 3843 451 3890 memory
467 3844 535 3879 were
554 3835 610 3893 put,
627 3845 669 3880 see
691 3831 766 3880 Hem.
777 3848 803 3894 p.
828 3830 1022 3891 luxuriae,quod
1034 3831 1127 3880 ibidem
1135 3837 1294 3893 regnaverat,

341 3903 382 3949 21.
829 3900 855 3948 in
865 3899 1035 3949 confusionem
1047 3905 1073 3949 et
1084 3901 1110 3949 in
1127 3907 1231 3950 mortem
1243 3908 1294 3951 tra·

378 3979 627 4043 ¹‘descendentee;’
639 3984 679 4036 M·
828 3969 894 4017 didit
908 3970 966 4019 illos
981 3967 1071 4020 Drua'
1087 3970 1183 4020 Donet.
1193 3987 1222 4033 p.
1234 3976 1293 4023 69².

377 4074 388 4104 ²
402 4079 411 4106 ‘
419 4072 577 4137 obstitisset:
591 4079 671 4129 MSS.
827 4038 1293 4173 {strigfflssfflstpffieffmffi

377 4167 478 4221 '‘sua'
490 4173 512 4221 is
524 4173 600 4222 taken
613 4173 676 4222 from
689 4175 738 4236 M,
747 4173 802 4238 Aa,
827 4179 879 4228 tion
897 4180 1010 4244 thoreon,
1026 4195 1070 4230 aee
1091 4181 1167 4230 Hem.
1184 4196 1229 4243 pp.
1246 4186 1293 4231 21·

340 4241 391 4290 end
403 4240 449 4292 Ar.
461 4246 518 4291 Μ.
826 4251 870 4298 hs.
