2940 4950
573 452 758 502 ansanus.
1078 438 1144 503 335

189 613 331 687 montis,
361 611 420 696 qui
454 608 540 674 illud
572 609 781 689 detinuerat,
809 632 887 676 cum
920 612 998 676 aliis
1024 619 1141 677 custo·

187 714 257 778 dim
286 711 521 795 mancipavit:
556 709 644 774 duas
671 712 779 775 etiam
807 713 927 795 galeas
952 712 1142 794 pulcherri-

190 832 279 889 mas,
305 831 394 894 quas
428 810 471 875 ad
502 810 675 874 munimen
707 812 803 876 urbis
830 832 892 876 rex
929 811 1141 876 Francorum

189 913 333 989 fecerat,
357 911 393 974 in
418 930 521 975 usum
543 929 645 975 suum
673 912 819 994 accepit.
887 910 969 975 Non
995 912 1142 976 multum
1155 926 1275 1014 sum..¹0s

189 1032 274 1077 vero
291 1020 372 1095 post
391 1010 525 1075 reddita
540 1017 594 1074 est
609 1009 767 1092 Anglicis
785 1011 869 1074 villa
892 1011 1012 1075 Sancti
1029 1011 1052 1076 J
1056 1031 1141 1075 oen·
1154 979 1191 1017 ω’
1201 978 1247 1027 ¹³⁰⁸
1257 977 1297 1016 Μ’

190 1113 247 1177 nis
276 1112 320 1176 de
342 1110 481 1187 Sordes,
507 1109 704 1191 multasque
733 1110 821 1175 alias
847 1110 949 1175 villas
976 1120 1142 1194 ceperunt

189 1220 227 1277 et
246 1211 475 1291 munitiones;
499 1209 704 1292 quibusdam
723 1229 761 1274 se
781 1218 905 1293 sponte
924 1210 1140 1289 dedentibus,

189 1310 397 1394 quibusdam
409 1304 579 1374 violenter
595 1309 770 1374 subactis:
787 1316 978 1392 auctusque
995 1319 1049 1374 est
1066 1309 1140 1374 An·

189 1411 360 1493 glicorum
385 1410 559 1475 exercitus
585 1408 621 1471 in
644 1410 753 1487 brevi,
773 1409 891 1474 multis
915 1409 1035 1473 fraude
1053 1408 1140 1473 Gal-

189 1510 335 1575 licorum
377 1510 519 1591 cognita
558 1508 603 1571 ad
640 1509 841 1574 fidelitatem
878 1509 971 1591 regis
1001 1509 1140 1591 Angliae

189 1610 351 1686 reversis,
372 1609 407 1674 in
428 1616 580 1694 quatuor
600 1608 752 1673 millibus
775 1608 929 1694 peditum
952 1609 1141 1691 equitibus·

190 1728 260 1793 que
276 1709 442 1774 ducentis.

242 1809 324 1874 Rex
358 1807 496 1890 Anglioe
529 1809 677 1873 transito
712 1808 852 1872 flumine
883 1808 925 1871 de
961 1807 1142 1872 Coneweie
1156 1825 1247 1865 sunan

1153 1877 1259 1915 edvanw

189 1917 232 1973 ut
254 1908 400 1973 ulterius
425 1908 690 1991 progrederetur
706 1909 740 1971 in
759 1908 937 1983 Walliam,
958 1928 1035 1973 cum
1059 1927 1285 2017 non-qqqrae

190 2008 274 2073 dum
306 2015 400 2073 totus
433 2009 659 2072 comitaretur
689 2008 876 2085 exercitus,
911 2009 1022 2090 captis
1054 2009 1143 2090 bigis
1183 1988 1237 2017 ‘⁸'

189 2114 228 2173 et
259 2108 416 2172 curribus
445 2109 654 2173 victualibus
684 2109 818 2172 onustis
848 2127 871 2172 a
898 2107 1144 2185 wallensibus,

189 2228 254 2290 per
283 2215 416 2291 tempus
447 2207 586 2290 aliquod
622 2208 766 2290 penuria
800 2214 998 2285 coartatur3
1024 2207 1075 2270 ita
1105 2215 1145 2271 ut

189 2326 371 2390 quousque
388 2308 520 2372 veniret
543 2308 683 2381 adeum
705 2307 839 2390 reliqua
854 2327 935 2389 pars
957 2306 1143 2384 exercitus,

188 2424 316 2491 aquam
339 2407 440 2472 melle
462 2407 608 2471 mixtam
623 2408 766 2483 biberet,
789 2425 946 2490 paneque
971 2424 1050 2469 cum
1073 2406 1142 2469 sal·

188 2507 238 2571 sis
260 2507 422 2571 carnibus
448 2500 668 2571 vesceretur.¹
733 2505 858 2570 Comes
882 2503 1056 2582 Warwici,
1080 2525 1141 2568 au·

188 2606 263 2671 dito
285 2606 377 2688 quod
404 2605 599 2670 Wallenses
625 2607 661 2669 in
686 2607 840 2669 maxima
862 2604 1081 2669 multitudine
1106 2604 1140 2667 in

189 2705 341 2789 quadam
367 2706 510 2789 planitie
540 2706 630 2769 inter
659 2704 729 2770 duo
760 2725 901 2769 nemora
926 2725 964 2769 se
991 2705 1140 2768 adunas·

188 2812 280 2882 sent,
303 2813 483 2889 assumpta
504 2824 621 2870 secum
644 2804 755 2870 electa
781 2805 907 2869 militia
933 2824 1010 2869 cum
1034 2804 1140 2868 balis-

189 2905 288 2970 tariis
311 2912 347 2969 et
378 2904 583 2987 sagittariis,
612 2904 655 2969 de
678 2914 778 2970 nocte
804 2904 1050 2988 superveniens
1080 2924 1139 2968 eos

187 3004 342 3088 undique
364 3005 624 3082 circumcinxit;
648 3004 709 3087 qui
735 3004 815 3069 fixis
841 3006 876 3068 in
901 3012 992 3068 terra
1011 3003 1140 3069 lanceis

188 3104 348 3186 cuspides
379 3104 416 3168 in
444 3105 641 3187 oppositum
674 3104 876 3168 irruentium
903 3104 1068 3184 dirigunt,
1100 3112 1140 3167 ut

187 3205 241 3268 sic
257 3222 296 3267 se
313 3206 357 3268 ab
375 3204 506 3286 impetu
524 3203 678 3286 equitum
696 3210 887 3267 tuerentur.
938 3203 1007 3267 Sed
1023 3222 1139 3268 comes

186 3303 280 3368 inter
303 3302 391 3368 duos
416 3303 550 3386 equites
576 3303 691 3386 posito
716 3322 785 3366 uno
811 3302 1002 3377 balistario,
1025 3320 1067 3365 ac
1086 3300 1140 3384 ja-

186 3402 277 3467 culis
302 3402 506 3467 balistarum
529 3421 658 3484 magna
689 3410 789 3485 parte
820 3420 952 3478 eorum,
979 3400 1037 3482 qui
1066 3399 1141 3462 lan·

186 3521 269 3567 ceas
296 3502 474 3576 tenebant,
506 3501 704 3584 prostratis,
732 3522 811 3566 cum
842 3510 956 3566 turma
985 3500 1139 3581 equitum

223 3646 233 3683 ¹
249 3652 384 3713 ‘Cumque
394 3651 516 3701 haberent
526 3652 651 3700 modicum
678 3667 753 3701 unam
773 3657 800 3700 et
818 3652 925 3701 similem
944 3651 1039 3701 dietam
1059 3653 1140 3713 patie-

184 3722 307 3784 vini,ri1
320 3723 398 3772 unius
412 3722 511 3785 lagena
529 3721 653 3770 ’ωυρμ
677 3737 733 3771 mur
747 3737 879 3783 quousque
895 3722 1017 3783 respiciat
1027 3737 1073 3771 nos
1084 3724 1141 3784 ipse

185 3792 326 3854 lum,quod
334 3807 380 3856 pro
387 3806 448 3854 rege
456 3792 555 3841 salvare
565 3792 652 3840 decre-
677 3793 749 3841 Deus
757 3793 783 3840 in
794 3793 862 3854 elto;
874 3807 920 3841 nee
932 3793 1057 3853 preficiat
1068 3794 1140 3842 vobis

186 3867 286 3923 verant,
300 3877 351 3912 non
373 3862 505 3923 adquievit
520 3862 576 3922 ipse
597 3875 651 3920 rex,
677 3863 702 3910 in
728 3876 784 3923 esu,
806 3863 850 3924 qui
878 3863 1040 3912 coartationis
1070 3862 1140 3911 illius

185 3931 234 3981 sed
256 3932 302 3992 ait,
323 3932 439 3981 ‘Omnia
457 3932 483 3980 in
500 3930 651 3979 necessitate
676 3933 747 3993 origo
755 3937 782 3981 et
790 3947 869 3981 causa
880 3929 954 3982 sum?
974 3932 1050 3983 Hem.
1061 3946 1088 3992 p.
1098 3937 1139 3982 5⁷.

184 4002 280 4051 debent
290 4015 347 4051 esse
360 4001 512 4061 communia,
525 4005 551 4049 et
565 4015 651 4049 omnes

221 4122 233 4149 ⁸
250 4119 323 4168 More
334 4120 452 4181 properly
462 4118 639 4185 ‘castrellum.{
663 4120 687 4166 Α
696 4117 796 4167 costrell
808 4128 863 4164 was
874 4129 890 4163 a
901 4113 982 4162 vessel
994 4112 1139 4174 containing

186 4189 280 4239 twelve
291 4189 392 4251 pounds
408 4189 506 4252 liquid;
524 4189 583 4239 bere
596 4190 615 4239 it
626 4203 721 4249 means,
732 4189 758 4236 in
770 4202 786 4236 a
798 4199 865 4234 more
882 4182 1009 4233 indefinite
1027 4196 1110 4244 sense,
1124 4197 1140 4230 a

186 4260 271 4322 dagon
282 4273 311 4308 or
322 4263 405 4321 stoup.
