2940 4950
572 416 753 466 annuens.
1074 401 1137 466 lll

186 569 347 638 suerunt.¹
402 573 468 638 Cui
490 594 567 637 cum
593 574 827 657 respondisset
850 592 912 637 rex
930 573 1138 656 Anglorum,

185 674 307 737 melius
325 695 400 738 esse
416 677 506 738 inter
527 693 564 738 se
582 673 715 738 firmam
739 693 860 756 pacem
885 674 971 737 inire
995 675 1139 739 consilio

186 776 256 837 tam
276 774 358 838 cleri
374 792 478 856 quam
492 776 671 850 baronum,
694 792 798 855 quam
818 774 913 837 litem
939 774 1140 856 protrahere

187 871 276 936 forte
308 873 533 952 damnosam3
566 873 776 937 contradixit
811 873 901 935 filius
932 893 1046 937 comes
1078 874 1141 937 Ri-

187 971 324 1048 cardus,
347 974 470 1036 timens
492 973 575 1055 quia
601 972 665 1035 hac
688 979 828 1036 servata
854 972 1049 1036 conditione
1072 972 1139 1037 Ca·

188 1077 324 1134 turcum
359 1072 516 1136 redderet
549 1080 585 1135 et
617 1079 729 1136 totum
761 1071 975 1148 comitatum,
1008 1080 1044 1136 et
1071 1072 1141 1135 alia

187 1170 288 1252 plura
301 1171 344 1235 de
357 1170 508 1236 dominio
524 1190 587 1233 sno
605 1189 668 1252 pro
693 1170 794 1234 feodo
814 1171 856 1233 de
876 1179 991 1234 castro
1010 1171 1141 1234 Radul·

189 1270 260 1352 phi,
275 1278 309 1334 et
326 1278 477 1334 castrum
497 1269 654 1333 Isolduni
670 1277 705 1333 et
719 1263 871 1345 ²Crasai,
890 1289 968 1352 quae
984 1289 1048 1333 sna
1072 1290 1140 1332 non

188 1377 289 1434 erant
321 1365 522 1445 ³dorninica,
554 1368 635 1433 licet
671 1369 714 1432 de
751 1388 793 1431 eo
829 1377 945 1432 essent
981 1368 1141 1432 tenenda.

191 1468 323 1533 Petivit
353 1470 470 1546 etiam,
496 1488 559 1551 per
585 1467 827 1532 mediationem
854 1468 945 1548 regis
972 1468 1141 1543 Franciae,

189 1587 341 1633 sororem
363 1569 517 1652 ejusdem
542 1568 576 1630 in
594 1588 751 1644 uxorem,
774 1575 809 1631 et
830 1575 870 1630 ut
894 1575 1021 1630 terram
1043 1585 1142 1630 suam

188 1667 266 1744 sibi,
299 1668 407 1731 veluti
439 1668 567 1744 heredi,
605 1667 734 1732 faceret
763 1666 964 1750 juramento
1001 1666 1142 1731 firmari.

191 1766 373 1831 Renuente
391 1775 504 1831 autem
524 1775 622 1849 patre
639 1767 704 1831 hoc
727 1775 891 1847 protunc
911 1766 1036 1842 facere,
1060 1767 1142 1848 qnia

190 1868 323 1930 coactio
355 1866 548 1943 videbatur,
582 1886 696 1929 comes
725 1865 897 1928 Ricardus
927 1866 999 1946 regi
1032 1866 1142 1929 Fran·

190 1984 308 2027 corum
333 1964 529 2046 homagium
553 1965 633 2028 fecit
650 1965 693 2029 de
713 1971 788 2027 toto
812 1972 1007 2028 tenemento
1033 1966 1144 2047 patris

191 2063 227 2125 in
257 2083 363 2144 regno
397 2056 501 2140 ⁴suo;
535 2061 634 2125 salvo
660 2063 740 2146 jure
767 2064 876 2143 patris
903 2064 957 2125 sui
981 2062 1064 2126 dum
1092 2064 1143 2127 vi-

194 2168 302 2238 veret,
323 2168 357 2224 et
375 2161 474 2225 salva
489 2160 555 2224 lide
569 2179 671 2240 quam
697 2161 788 2241 patri
815 2160 973 2223 debebat.
1018 2161 1144 2243 Sicque

192 2261 326 2323 finitum
349 2267 403 2324 est
420 2259 642 2341 colloquium,
661 2259 857 2341 prorogatis
880 2259 1012 2339 treugis
1034 2277 1145 2341 usque

191 2360 234 2424 ad
254 2359 379 2423 festum
395 2358 430 2421 S.
448 2358 588 2422 Hilarii.

241 2458 373 2523 Eodem
396 2478 488 2521 anno
518 2456 704 2521 Heraclius
733 2455 931 2538 patriarcha
959 2466 995 2520 et
1015 2454 1306 2520 Batiai-maneo

190 2577 279 2622 anus
296 2556 564 2639 Neapolitanus,
586 2563 622 2620 et
637 2555 853 2637 Reginaldus
867 2553 1025 2618 dominus
1044 2555 1144 2619 Sido·
1157 2523 1292 2613 {illailla

191 2659 338 2734 nicrum,
356 2656 520 2720 Saladino
541 2650 778 2730 ⁶Ascalonam,
798 2662 833 2718 et
849 2653 1028 2718 castellum
1051 2655 1143 2737 quod
1156 2623 1269 2724 iiidie..

192 2756 319 2821 dicitnr
347 2749 497 2832 ⁶Baron,
523 2762 557 2818 et
587 2754 730 2830 Gazam,
760 2760 796 2818 et
820 2744 1077 2828 ⁷Galatetidem‚
1110 2763 1146 2818 et

192 2850 560 2931 ⁸Blancam·Gardam,
579 2863 614 2918 et
627 2854 766 2917 Turrim
782 2852 947 2929 Militum,
964 2860 1000 2916 et
1014 2852 1146 2917 Castel-

191 2954 263 3017 lum
277 2954 436 3031 Arnaldi,
457 2961 492 3017 et
511 2952 824 3030 Petram-Platam,
839 2959 875 3016 et
890 2951 1088 3034 Neapolim,
1111 2960 1146 3016 et

194 3051 409 3135 Gybilinum,
432 3059 468 3116 et
490 3053 631 3135 Joppen
659 3072 722 3133 pro
751 3051 954 3115 liberatione
975 3049 1146 3116 Gnidonis

193 3152 286 3232 regis
303 3150 510 3227 Jerusalem,
524 3163 559 3215 et
575 3151 733 3230 magistri
753 3149 886 3213 militiae
903 3148 1053 3231 Templi,
1068 3149 1146 3214 red-

194 3251 274 3314 dere
288 3258 546 3313 consenserunt.
585 3248 756 3312 Convenit
774 3248 876 3311 etiam
895 3255 935 3310 ut
949 3241 1148 3330 ⁹uuusquis-

195 3368 263 3433 que
290 3349 350 3431 qui
379 3349 411 3411 ei
431 3347 567 3413 solvere
595 3355 713 3430 posset
740 3346 891 3428 quinque
922 3346 1083 3420 bizantia,
1114 3354 1150 3409 et

194 3447 322 3512 femina
344 3465 422 3530 quae
444 3453 563 3529 posset
583 3446 718 3510 solvere
740 3444 810 3508 duo
833 3444 984 3508 bizantio
1001 3456 1037 3508 et
1053 3444 1149 3508 dimi-

193 3547 301 3623 dium,
326 3553 361 3611 et
380 3565 466 3629 puer
482 3547 542 3629 qui
556 3552 675 3628 posset
688 3544 823 3609 solvere
838 3562 944 3606 unum
959 3545 1148 3609 bizantium

194 3655 230 3710 et
247 3645 437 3722 dimidium,
452 3653 656 3709 eruerentur
672 3663 694 3708 a
710 3645 870 3708 manibus
886 3642 1149 3722 Saracenorum,

230 3838 239 3870 ¹
256 3840 265 3868 ⁴
273 3835 395 3899 tuerent?
408 3835 476 3888 D'A.
488 3843 513 3889 et
523 3838 571 3889 Ar.
718 3834 729 3866 ⁶
745 3837 753 3866 ‘
764 3837 849 3886 Veron
859 3831 874 3895 ;’
886 3833 956 3887 n’A.

229 3906 390 3969 ’‘Crazai3’
408 3911 447 3958 Μ.
463 3908 563 3958 etita:
581 3908 659 3958 ‘Cra
718 3901 1054 3965 ⁷‘Ga1tedidem;’m.:
1078 3904 1151 3955 ‘Ga-

195 3979 248 4029 scri
257 3973 272 4038 ;‘
285 3974 353 4027 D'A.
684 3976 819 4026 letocidem
831 3970 845 4034 ;’
865 3975 903 4024 M.
916 3979 940 4022 et
950 3974 998 4023 Ar,

233 4045 244 4076 ³
259 4043 410 4107 ‘dominini
429 4048 467 4096 M.
479 4051 504 4094 et
515 4044 562 4095 Ar.
721 4043 731 4072 ¹
746 4043 915 4094 ‘Blanchlam
924 4039 939 4101 ;'
952 4043 990 4091 M.
997 4046 1022 4089 et
1033 4041 1080 4090 Ar.

231 4116 241 4147 ⁴
258 4112 332 4165 ‘suo'
345 4118 367 4165 is
376 4117 478 4166 omitted
488 4117 514 4164 in
526 4117 586 4164 Cud.
595 4116 660 4176 Reg.
721 4113 732 4145 ⁹
748 4116 755 4142 ⁶
769 4113 946 4174 unnsquisque
965 4110 1054 4170 homo;
1073 4110 1112 4159 M.
1126 4114 1151 4157 et

232 4185 242 4217 ⁵
258 4187 427 4236 ‘Ascalonem
434 4186 451 4246 3'
463 4181 531 4234 D'A.
688 4181 736 4233 Ar.
