2940 4950
514 379 697 429 ANNALES.

150 561 209 596 lati.
222 561 275 598 ,1.0.
346 560 544 597 haonsuoatm
558 563 583 599 ll.
709 564 863 601 HANGORUM
917 567 1056 606 anatolium

173 648 250 684 MGXC.
292 648 482 685 cismarinam.
506 649 641 686 resumet
652 651 671 687 1.
709 650 821 686 sulum
832 652 860 688 11.
916 653 1021 692 alcano!
1035 656 1055 692 1.

181 856 459 919 Couvnunauur
481 875 579 938 reges
603 856 814 923 Francorum
836 867 872 923 et
889 858 1081 942 Anglorum
1095 885 1223 936 samaa

132 956 223 1038 apud
257 948 443 1032 Druellos,¹
478 975 582 1038 snper
610 956 834 1039 dispositione
864 959 997 1024 itineris
1027 936 1244 1033 solidarium

131 1055 356 1134 collocuturi3
379 1056 437 1119 ubi
459 1055 570 1138 primo
593 1057 722 1120 turbati
744 1065 827 1121 sunt
841 1059 955 1123 animo
970 1079 1084 1127 rumo-
1095 1037 1181 1076 Μ’

130 1156 225 1219 ribus
247 1154 375 1218 auditis
397 1153 440 1217 de
461 1162 571 1218 morte
590 1156 719 1236 reginae
748 1156 918 1235 Franciae,
938 1167 974 1224 et
996 1160 1083 1225 Wil-

131 1254 222 1318 lelmi
249 1255 341 1337 regis
370 1252 509 1337 Apuliae
535 1255 657 1319 sororii
685 1255 778 1336 regis
806 1255 960 1321 Ricardi.
1012 1258 1083 1323 Re-

130 1355 263 1419 vocatis
293 1362 410 1416 tamen
442 1353 572 1416 viribus
605 1354 845 1433 condixerunt,
869 1364 909 1420 ut
937 1364 1082 1439 uterque

129 1473 249 1534 regum
276 1452 313 1515 in
335 1458 461 1516 octava
483 1453 518 1516 S.
536 1452 685 1517 Joannis
707 1454 879 1537 Baptistae
905 1475 983 1519 cum
1009 1457 1081 1521 suis

130 1551 381 1617 Veraelliacum
396 1551 628 1617 convenirent.

181 1652 376 1735 Imperator
405 1651 608 1717 Frederious
637 1671 713 1716 cum
744 1652 952 1735 imperatore
983 1653 1081 1720 Grae-

127 1771 244 1817 corum
263 1751 298 1814 in
320 1752 536 1816 concordiam
551 1746 743 1830 'reductus
760 1754 907 1817 transito
921 1746 1081 1819 ³Baliore

131 1873 192 1918 seu
207 1850 358 1916 Brachio
381 1850 417 1914 S.
432 1850 588 1932 Georgii,
604 1849 804 1916 Armeniam
819 1853 976 1929 intravit,
1000 1874 1079 1936 quae

130 1952 257 2036 partim
285 1949 425 2013 ditionis
453 1949 848 2032 Constantinopolitanae
876 1958 941 2027 est,
970 1945 1079 2034 ⁴parti

131 2069 214 2116 vero
236 2047 378 2128 reliquae
400 2046 561 2129 praesidet
584 2048 755 2111 Soldanus
781 2047 913 2126 Iconii3
942 2051 1000 2114 ubi
1017 2072 1080 2135 per

129 2148 310 2233 penuriam
332 2145 532 2211 victualium
557 2153 592 2210 et
615 2144 763 2209 insultus
794 2145 943 2210 hostium
974 2151 1079 2214 susti·

127 2250 205 2313 nuit
228 2247 354 2310 damna
378 2245 509 2309 multa:
544 2243 603 2308 sed
632 2262 709 2307 eum
732 2244 849 2308 omnia
871 2244 1011 2310 vincens
1035 2249 1078 2313 de

127 2348 286 2413 hostibus
300 2344 558 2427 triumphasset,
570 2343 606 2406 in
622 2343 772 2407 transitu
786 2343 966 2427 cujusdam
982 2345 1080 2412 fluvii

127 2448 327 2513 suffocatur.
374 2443 485 2508 Filius
503 2449 631 2519 autem,
648 2441 719 2506 dux
732 2443 881 2520 Sueviae,
895 2443 999 2508 funus
1016 2465 1078 2528 pa-

128 2557 263 2614 ternum
282 2544 406 2608 detulit
423 2562 533 2625 usque
555 2541 707 2624 Tyrum3
731 2562 800 2624 quo
817 2542 944 2606 ibidem
960 2545 1077 2626 sepul-

126 2656 175 2724 to‚
195 2643 458 2719 Ptolemaidam,
479 2660 558 2725 quae
575 2648 610 2704 et
624 2640 746 2705 Achon
765 2642 902 2718 dicitur,
920 2643 1078 2708 obsidere

125 2746 232 2828 coepit
250 2744 341 2808 inira
361 2750 520 2807 octavam
545 2739 804 2823 Assumptionis
822 2739 979 2822 Virginis
1000 2743 1077 2825 glo·

126 2846 239 2910 riosae.
291 2843 470 2923 Principes
490 2847 607 2904 autem
627 2837 844 2904 Alamanniae
864 2833 1075 2907 ⁶Henricnrn

125 2945 233 3009 filium
250 2941 435 3017 Frederici,
448 2959 548 3021 quem
561 2939 605 3003 ad
620 2938 812 3003 custodiam
825 2940 959 3020 imperii
975 2949 1075 3023 pater

124 3044 323 3126 reliquerat,
353 3038 511 3122 eligendo
539 3038 576 3101 in
606 3044 787 3120 paternum
818 3038 942 3102 solium
968 3040 1074 3105 subli-
1176 3033 1177 3037 ’

122 3149 273 3206 manunt.

173 3241 291 3322 Reges
315 3237 525 3302 Francorum
547 3242 585 3300 et
605 3234 812 3317 Anglornm,
834 3253 912 3298 cum
934 3235 1230 3352 Veraci-mapulas

122 3343 249 3407 liaoum
267 3340 373 3423 juxta
396 3336 592 3400 condictum
615 3333 867 3410 convenissent,
895 3334 1008 3400 soedus
1030 3312 1227 3402 deifiaof¹³⁰¹y

122 3442 189 3505 tide
211 3439 277 3503 sibi
295 3437 444 3501 invicem
460 3435 585 3516 ubique
601 3431 817 3498 observanda
836 3439 871 3496 at
887 3435 1073 3500 securitate

120 3547 242 3606 mutua
263 3540 532 3620 percusserunt3
555 3538 819 3614 statueruntque
841 3539 881 3596 nt
896 3534 956 3615 qui
976 3536 1072 3618 prius

120 3640 165 3704 ad
183 3638 358 3703 civitatem
380 3633 507 3698 Siciliae
524 3633 724 3698 Messanam
740 3632 967 3714 pervenisset,
983 3634 1072 3699 alte·

158 3884 165 3914 ¹
183 3882 232 3931 ‘ad
247 3880 340 3928 vadum
356 3878 437 3927 sancti
453 3874 582 3940 Remigii!
606 3869 675 3931 tore:
689 3872 829 3935 eorruptly,
844 3887 874 3923 as
890 3874 912 3924 is
928 3874 1018 3936 likely,
1031 3874 1071 3924 for

122 3955 207 4015 Roger
216 3950 247 3999 os
253 3949 405 4010 Wendover,
415 3948 453 3997 iii.
464 3962 490 4009 p.
503 3950 544 3998 lo.
606 3945 613 3973 ‘
624 3942 869 4043 ⁸4⁰¹{1'h⁰“.‘3',ffl¹¹·

155 4052 166 4081 ¹
183 4053 294 4100 ‘ductu'
304 4045 319 4110 ἶ,
333 4050 371 4098 Μ’
379 4053 403 4098 ‘t
414 4049 461 4097 Ar·
642 4079 653 4109 ⁸
669 4012 963 4139 ‘giiiginirq'conquirt
975 4084 1070 4139 ianque

155 4153 167 4186 ⁸
183 4155 190 4182 ‘
201 4152 304 4223 Lid'orio
314 4146 331 4212 ;’
342 4151 382 4201 M.
393 4153 418 4200 et
427 4149 488 4199 Aa:
506 4147 582 4198 ‘Bae
608 4148 624 4199 d
635 4151 661 4200 la
671 4149 722 4200 cite
733 4151 765 4198 de
779 4148 878 4210 Naples
886 4143 900 4206 ς’
917 4148 960 4197 Fr.
970 4148 1013 4197 Tr.
