2948 4942
220 607 265 647 The
274 607 298 646 B.

219 657 299 697 Jordan
308 657 345 696 the

382 414 448 480 222
746 432 818 480 nro.
836 432 984 479 rnrvnrr

383 590 507 655 diffusa
537 590 663 673 gratia,
685 596 723 654 nt
739 591 781 654 de
799 589 925 667 verbis,
940 609 1018 672 quae
1041 589 1272 672 procedebant
1291 590 1334 653 de

220 708 354 748 nominum
382 711 442 755 ore
464 692 549 776 ejus,
581 692 640 755 vix
665 691 840 754 auditores
870 699 1012 772 possent
1041 690 1172 753 satiari.
1226 689 1334 753 Mira-

382 792 469 855 culis
501 810 639 875 quoque
666 799 746 873 post
773 797 917 854 mortem
945 790 1070 853 claruit
1093 789 1261 872 plurimis,
1290 790 1333 853 de

382 892 507 975 quibus
536 892 579 954 ad
609 890 870 954 aedificationem
898 891 1088 971 legentium
1116 878 1184 953 duo
1207 888 1333 955 sufficit

382 998 560 1056 annotare.
613 989 785 1072 Magister
799 991 865 1054 iste
879 989 959 1053 dum
972 990 1115 1067 viveret,
1132 990 1167 1052 in
1183 990 1333 1071 quodam

382 1092 591 1155 monasterio
609 1110 764 1154 sororum
783 1089 925 1166 ordinis,
941 1089 1115 1173 quandam
1131 1089 1333 1153 excellentis

383 1191 465 1255 vitae
491 1210 643 1255 sororem
667 1190 865 1254 instituerat
881 1190 1092 1271 priorissam,
1109 1208 1187 1271 quae
1211 1197 1333 1271 postea

382 1309 546 1372 percussa
573 1289 737 1372 paralysi,
758 1289 851 1378 facta
876 1290 1060 1372 impotens,
1082 1288 1118 1351 in
1143 1289 1233 1353 lecto
1251 1307 1333 1353 con·

383 1391 479 1454 tinue
510 1390 762 1468 decumbebat;
796 1396 937 1473 propter
962 1388 1055 1473 qnod
1084 1388 1333 1454 instantissime

383 1491 523 1574 petebat
556 1510 617 1572 per
654 1490 849 1571 superiores
884 1508 967 1553 suos
1005 1490 1049 1552 ab
1089 1487 1200 1552 officio
1239 1488 1333 1570 quod

383 1591 527 1670 exsequi
562 1609 631 1652 non
664 1597 800 1672 poterat
834 1588 993 1653 absolvi:
1027 1587 1087 1652 sed
1124 1587 1334 1652 reclamante

383 1696 567 1765 conventu,
607 1689 662 1752 cni
705 1688 886 1752 videbatur
919 1687 1037 1752 utilior
1069 1688 1119 1751 sic
1157 1687 1334 1768 languida,

382 1808 486 1871 quam
530 1788 599 1852 alia
642 1807 869 1870 quaecunque,
916 1807 986 1852 non
1021 1788 1134 1870 potnit
1166 1787 1333 1851 obtinere.

383 1887 523 1953 Auditis
547 1889 664 1971 itaquo
686 1889 859 1952 miraculis
879 1888 1009 1965 multiS,
1033 1907 1110 1970 quae
1127 1887 1171 1951 ad
1194 1887 1334 1953 invoca·

384 1988 510 2052 tionem
538 1988 685 2051 nominis
710 1988 825 2052 fratris
844 1987 867 2051 J
871 1987 991 2053 ordani
1017 1988 1053 2050 in
1080 1987 1225 2051 diversis
1253 2007 1333 2071 par·

384 2087 476 2152 tibus
505 2089 734 2169 contigerant,
767 2096 938 2152 conventu
969 2081 1158 2169 ¹prudente
1186 2086 1266 2151 feeit
1296 2108 1334 2152 se

384 2188 419 2251 in
447 2189 636 2269 gestatorio
664 2188 814 2272 quodam
837 2188 881 2252 ad
912 2187 1092 2251 ecclesiam
1114 2205 1136 2249 a
1158 2188 1333 2252 sororibus

383 2286 568 2371 deportari.
644 2287 790 2364 Deinde,
819 2287 952 2351 emissis
984 2287 1171 2362 sororibus,
1209 2286 1334 2352 devote

383 2388 523 2469 rogavit
555 2388 697 2452 fratrem
730 2386 753 2450 J
756 2387 935 2463 ordonum,
963 2406 1065 2469 quem
1097 2385 1334 2451 indubitanter

383 2488 545 2551 credebat
568 2506 711 2568 regnare
729 2507 806 2551 cum
826 2486 1005 2562 Cnnrsno,
1030 2494 1070 2550 ut
1085 2485 1151 2549 sibi
1169 2486 1333 2569 impetra·

385 2593 437 2649 ret
455 2607 476 2650 a
493 2587 656 2662 Domino,
675 2587 729 2650 vel
748 2587 791 2649 ab
819 2586 883 2650 hac
901 2587 975 2650 vita
991 2584 1148 2649 celeriter
1165 2587 1259 2663 exui,
1278 2587 1334 2650 vel

385 2685 429 2748 ab
453 2684 564 2749 officio
590 2705 651 2768 per
682 2686 875 2767 superiores
903 2705 985 2749 suos
1015 2684 1160 2761 absolvi,
1184 2685 1240 2749 vel
1267 2685 1334 2749 sibi

385 2785 568 2848 sanitatem
601 2784 758 2860 conferri,
790 2805 852 2867 per
878 2804 982 2867 quam
1016 2784 1112 2848 fieret
1140 2785 1265 2849 idonea
1289 2785 1334 2849 ad

385 2876 600 2965 ²impositum
625 2883 782 2948 »officium
820 2885 1090 2967 exsequendum.
1175 2884 1333 2969 Moxque

385 2984 493 3048 sensit
513 2983 687 3067 quandam
712 2984 875 3048 virtutem
903 2985 967 3047 sibi
986 2984 1152 3048 divinitus
1172 2984 1335 3062 infusam,

384 3103 453 3166 qua
475 3083 671 3148 confortata
688 3084 798 3166 primo
822 3084 941 3167 pedem
964 3103 1083 3162 unum,
1101 3084 1224 3148 deinde
1247 3085 1334 3150 alte·

384 3202 460 3246 rum
489 3190 590 3247 extra
619 3184 845 3265 gestatorium
875 3184 983 3267 coepit
1010 3203 1162 3266 ponere;
1195 3184 1334 3249 tandem

383 3291 499 3347 erecta
515 3284 622 3366 coepit
638 3304 699 3367 per
713 3283 852 3348 chorum
869 3283 1057 3361 ambulare,
1075 3284 1175 3367 quasi
1192 3303 1238 3348 au
1255 3305 1336 3350 vere

383 3391 475 3447 esset
502 3391 626 3449 sanata
653 3392 813 3448 tentaret.
868 3383 1002 3447 Deinde
1031 3374 1152 3448 audita
1176 3384 1259 3448 nola
1282 3405 1336 3449 re·

384 3481 528 3561 lectorii,
560 3484 713 3547 sentiens
739 3503 776 3546 se
804 3502 926 3566 gressu
955 3483 1138 3561 firmatam,
1165 3486 1336 3568 processit

382 3582 520 3646 obviam
532 3584 717 3647 conventui
732 3583 905 3647 cantando
924 3581 1123 3648 ‘Miserere'
1138 3583 1182 3647 ad
1198 3584 1336 3649 ecclesi·

382 3698 438 3743 am
461 3682 622 3746 venienti.
676 3681 791 3759 Quam
804 3682 962 3766 juniores
980 3683 1091 3766 primo
1114 3693 1336 3749 occurrentes

381 3781 596 3845 mirabantur
611 3781 641 3844 si
658 3782 823 3863 priorissa
849 3792 952 3860 esset,
971 3803 1049 3867 quae
1067 3784 1117 3848 sic
1140 3783 1336 3850 ambularet

417 4021 425 4052 ¹
445 4024 507 4074 llell
526 4028 635 4073 corrects
653 4023 704 4073 this
722 4024 845 4086 ‘persua
868 4024 977 4088 thought
999 4025 1020 4073 it
1041 4025 1122 4074 better
1144 4029 1169 4075 to
1190 4028 1272 4078 retain
1291 4028 1335 4079 the

380 4091 477 4154 dentes
495 4097 541 4144 but
551 4094 585 4143 all
600 4094 642 4144 the
660 4093 735 4144 MSS.
750 4093 843 4157 having
869 4096 972 4157 general
986 4095 1101 4157 reading.

381 4160 542 4227 ‘prudente‚’
564 4163 649 4214 which
672 4179 754 4214 seems
775 4178 843 4214 more
873 4163 914 4215 :⁴²
929 4168 937 4193 ‘
950 4166 1094 4227 impositum
1117 4166 1167 4214 sibi
1189 4165 1335 4229 officium5’

381 4236 513 4296 agreeable
523 4241 548 4284 to
556 4235 599 4284 the
610 4240 721 4300 context,
727 4250 767 4284 we
778 4234 842 4284 have
868 4235 906 4283 M.
918 4240 943 4284 et
953 4234 1013 4297 Ar.=
