2948 4942
351 402 416 467 192
702 419 776 467 ure.
804 420 951 467 rnrvurr

349 599 521 657 reversus,
544 581 715 662 privatam
733 580 840 642 vitam
864 586 938 642 toto
962 598 1038 642 aevo
1057 599 1120 642 suo
1144 579 1244 643 duxit
1266 580 1302 642 in

348 680 488 757 ducatu,
525 681 584 762 qui
621 680 685 742 sibi
717 679 797 763 jure
831 679 1038 743 hereditario
1072 680 1301 760 competebat.

348 780 503 844 Tandem
532 780 738 863 dysenteriae
765 780 884 843 morbo
907 778 1080 855 laborans,
1103 781 1303 843 convocatis

347 881 517 962 episcopis
547 880 685 963 alioque
707 879 811 954 clero,
840 879 1009 942 instanter
1034 898 1111 941 cum
1138 878 1302 962 lacrymis

347 981 597 1043 absolutionem
628 998 731 1062 super
762 999 826 1042 sua
852 978 1036 1041 rebellione
1064 979 1163 1059 petiit
1188 988 1222 1043 et
1247 998 1303 1042 ac·

347 1082 449 1161 cepit.
502 1080 605 1144 Miles
632 1079 772 1161 quidam
796 1078 977 1159 Anglicus,
1006 1077 1118 1141 dictus
1146 1078 1304 1142 loannes

347 1180 389 1243 de
413 1180 609 1256 Bonavilla,
632 1180 690 1261 qui
715 1180 780 1241 sub
802 1179 870 1241 isto
887 1177 1024 1241 Othone
1040 1178 1195 1260 pluribus
1211 1179 1302 1243 mili-

346 1288 483 1344 taverat
498 1281 609 1351 annis,
628 1298 720 1361 saepe
737 1279 780 1342 de
795 1279 855 1341 illo
877 1297 953 1340 cum
973 1297 1100 1359 magna
1116 1279 1302 1343 devotione

345 1380 472 1444 referre
488 1380 633 1452 solebat,
645 1378 737 1460 quod
751 1397 828 1441 curn
845 1379 996 1441 instante
1014 1386 1123 1441 morte
1137 1379 1300 1443 viaticum

345 1481 496 1562 recipere
512 1478 613 1565 (quia
626 1479 709 1541 nihil
729 1479 874 1541 retinere
888 1474 1043 1560 poterat)
1061 1497 1129 1541 non
1147 1478 1302 1557 auderet,

347 1587 461 1643 tamen
475 1599 602 1661 corpus
616 1577 771 1642 Cunrsrr
784 1577 826 1640 ad
839 1577 1040 1640 instantiam
1059 1576 1147 1661 ejus,
1164 1579 1299 1644 utillud

346 1679 489 1755 rideret,
524 1679 667 1741 allatum
704 1677 877 1740 humiliter
909 1676 1094 1741 adoravit:
1137 1672 1188 1742 ¹et
1221 1699 1300 1743 cnm

346 1779 445 1860 quasi
479 1778 739 1860 amplexaturus
776 1775 923 1839 brachiis
957 1778 1135 1860 expansis,
1169 1780 1301 1845 nudato

345 1879 474 1960 pectori
494 1878 765 1959 approximaret,
789 1876 902 1939 hostia
926 1876 985 1939 illa
1008 1878 1042 1939 in
1067 1877 1143 1940 loco
1167 1879 1225 1941 ubi
1241 1900 1302 1944 cor

345 1977 460 2054 latuit,
474 1978 589 2041 subito
604 1977 695 2040 facta
707 1984 882 2059 apertura,
900 1976 1043 2039 intravit
1058 1978 1239 2059 prosiliens
1257 1980 1301 2044 de

260 2115 267 2125 ·
345 2078 503 2140 manibus
533 2078 733 2151 sacerdotis
766 2084 801 2139 et
835 2077 965 2158 absque
1001 2077 1093 2140 omni
1127 2080 1301 2144 cicatricis

181 2386 293 2426 Frederlck

181 2437 199 2476 ls
208 2436 271 2484 agata

179 2487 276 2526 orowned

180 2537 232 2584 king
241 2537 265 2575 ot
271 2536 309 2576 tha

180 2586 282 2625 Romans.

179 2637 230 2685 July
238 2639 269 2676 25.

178 3185 223 3224 The
232 3186 308 3224 barem

178 3235 220 3274 rlse
228 3235 311 3283 uerna

177 3286 229 3335 king
237 3286 300 3325 John.

346 2178 492 2258 vestigio
527 2177 681 2240 reclusus
710 2185 762 2240 est
800 2175 908 2253 locus,
944 2177 1063 2258 sicque
1094 2177 1303 2245 decumbens

344 2277 502 2358 spiritum
519 2277 677 2341 reddidit.

397 2378 599 2441 Fredericus
622 2376 749 2440 Siciliae
768 2397 843 2452 rex,
866 2377 925 2458 qui
948 2373 1007 2439 'ad
1030 2376 1167 2460 jussum
1192 2379 1301 2446 Inno-

343 2478 446 2540 centii
483 2496 583 2560 papae
614 2476 809 2557 Maguntiae
842 2477 877 2538 in
913 2496 1026 2556 regem
1060 2476 1301 2546 Romanorum

342 2574 453 2639 luerat
477 2584 673 2650 coronatus,
697 2575 816 2638 audita
839 2575 921 2656 suga
941 2575 1090 2640 Othonis
1113 2580 1207 2660 apud
1232 2582 1305 2646 Bo-

341 2676 452 2750 vinas,
476 2677 621 2739 collecto
648 2674 802 2738 exercitu
826 2674 868 2737 de
892 2678 1049 2756 partibus
1078 2677 1216 2743 Sueviae
1242 2685 1302 2748 ubi

342 2781 423 2837 tunc
441 2777 651 2849 morabatur,
669 2773 927 2855 Aquisgranum
950 2778 1138 2853 contendit,
1159 2787 1196 2843 et
1213 2783 1303 2846 civi·

341 2882 446 2936 tatem
464 2874 623 2938 obsidens
639 2873 776 2937 tandem
789 2875 899 2955 cepit;
924 2882 959 2937 et
978 2876 1013 2937 in
1032 2877 1152 2940 eadem
1172 2889 1303 2949 octavo

340 2973 501 3036 calendas
526 2975 676 3056 Augusti
705 2975 739 3035 in
765 2993 879 3054 regem
905 2974 1143 3041 Rornanorum
1171 2981 1302 3049 iterum

340 3083 537 3137 coronatur.

390 3173 544 3237 Joannes
566 3194 626 3237 rex
645 3174 784 3254 Angliae
807 3194 874 3237 una
900 3194 977 3238 cnm
1005 3179 1190 3242 comitibus
1217 3181 1306 3248 Ces·

340 3273 426 3347 triae,
457 3267 655 3359 ³Derbeyaa
687 3274 833 3355 aliisque
860 3276 1045 3353 nobilibus,
1076 3298 1218 3344 crucem
1249 3304 1305 3349 ac-

338 3374 429 3455 cepit
443 3392 464 3436 a
480 3374 654 3438 Willelmo
667 3373 900 3438 Londoniensi
918 3376 1080 3458 episcopo
1097 3380 1133 3441 in
1150 3382 1305 3450 ecclesia

338 3472 374 3536 S.
392 3473 516 3550 Pauli;
542 3495 661 3538 verum
677 3474 883 3538 adversante
899 3474 1038 3540 l'ortuna
1058 3498 1127 3542 non
1153 3481 1256 3547 licuit
1274 3486 1306 3550 ei

339 3579 409 3634 tam
432 3574 508 3637 utili
534 3594 656 3637 vacare
679 3574 869 3657 proposito,
894 3574 1158 3658 insurgentibus
1179 3595 1308 3650 contra

339 3691 415 3734 eum
432 3673 618 3737 baronibus
641 3676 713 3736 suis
737 3682 816 3757 post
840 3675 989 3751 Pascha,
1013 3698 1054 3741 eo
1078 3682 1174 3761 quod
1199 3683 1305 3750 liber-

339 3779 430 3835 tates
457 3781 492 3834 et
513 3772 597 3855 jura
623 3775 667 3836 ab
691 3794 731 3837 eo
760 3775 881 3855 petita,
907 3784 943 3839 et
970 3784 1009 3839 ut
1034 3777 1200 3847 dicebant
1227 3806 1306 3869 pro

339 3872 456 3947 missa,
467 3866 548 3935 ⁴non
565 3873 769 3955 persolverit
781 3894 844 3938 uec
859 3876 1056 3958 impleverit
1073 3879 1305 3953 ineffectum:

342 4008 1301 4035 Ἣ

374 4072 380 4100 ¹
401 4069 485 4122 Hall‘s
494 4074 652 4123 emendation
663 4091 669 4123 :
681 4071 802 4136 ‘ettum3'
864 4074 875 4104 ³
890 4077 897 4104 ‘
911 4077 998 4139 Derby
1010 4075 1024 4139 3¹
1038 4080 1078 4129 M.

339 4146 399 4193 Cod.
415 4145 478 4206 Reg.
866 4143 963 4195 ⁴‘non
987 4152 1122 4214 persolvit,
1146 4171 1195 4209 nec
1217 4162 1307 4225 imple-

372 4213 382 4241 ¹
396 4216 404 4242 ⁴
410 4217 485 4276 jussu
499 4210 512 4273 ;’
526 4215 564 4263 M.
577 4216 655 4264 etAr.
830 4218 923 4277 verat3'
936 4219 986 4267 ills
999 4221 1007 4248 ‘
1019 4222 1058 4270 vel
1069 4223 1247 4291 impleverat?
1259 4234 1305 4284 Ar.
