2940 4950
510 467 693 515 ennecus.
1015 451 1081 516 223

124 630 252 688 erecta.
306 622 509 688 Cantorissa
528 643 610 688 vero
634 623 737 687 certis
758 623 970 705 perpendens
990 624 1078 687 indi·
1093 639 1218 728 pmcne

126 723 190 787 ciis
215 723 417 787 miraculum
444 722 536 806 quod
565 724 773 804 contigerat,
791 723 919 787 omisso
945 724 1079 805 psalmo
1094 739 1227 779 nominau-

128 822 343 916 ‘Miserere,’
377 823 451 888 ‘Te
486 822 600 887 Danu
636 817 882 904 ¹[laudamus]’
911 823 1081 887 altissima

128 942 216 988 voce
230 923 415 988 intonavit.
467 922 641 988 Commoti
663 924 766 1001 vicini
793 923 976 987 altitudine
997 944 1080 987 can-

131 1031 189 1087 tus
223 1022 352 1087 insueti
387 1017 625 1105 'conveniunt
658 1031 693 1087 et
726 1025 867 1103 cognita
899 1043 936 1087 re
969 1033 1080 1106 gesta,

131 1122 244 1187 Duum
262 1142 340 1186 cum
359 1122 409 1186 eis
425 1124 554 1205 pariter
569 1122 811 1187 laudaverunt.

182 1222 226 1287 In
251 1221 369 1305 Praga
385 1241 480 1299 vero,
504 1241 583 1306 quae
614 1230 668 1287 est
688 1222 890 1304 metropolis
914 1223 1079 1300 Boemiae,

130 1342 221 1387 uxor
249 1322 430 1406 cujusdam
462 1323 599 1385 nomine
631 1321 810 1386 Elizabetb
840 1323 1079 1405 impraegnata,

130 1442 208 1487 cum
232 1430 312 1505 post
328 1430 464 1506 tempus
481 1422 622 1504 aliquod
646 1442 739 1485 more
762 1421 944 1485 mulierum
967 1424 1079 1503 gravi·

129 1522 252 1586 darum
275 1523 464 1586 animatum
487 1523 652 1587 sensisset
669 1523 804 1600 foetum,
822 1531 936 1586 tamen
956 1542 1078 1604 appro

129 1623 322 1706 pinqnanta
356 1622 441 1686 bora
480 1631 612 1704 partus,
644 1622 776 1685 nullum
809 1631 940 1686 motum
974 1622 1079 1686 foetus

129 1721 240 1787 sensit
254 1741 317 1805 per
332 1722 482 1787 triduum
507 1730 751 1805 antepartum.
806 1722 907 1786 Unde
933 1722 1078 1785 multum

129 1830 363 1900 consternata,
378 1842 456 1887 cum
472 1823 507 1885 in
531 1823 697 1905 pariendo
722 1823 876 1903 graviter
892 1822 1078 1899 laboraret,

130 1923 273 1987 devovit
287 1922 508 1999 infantulum,
526 1923 556 1986 si
572 1922 746 1986 masculus
763 1931 866 1999 esset,
883 1922 982 1986 fratri
996 1922 1020 1985 J
1022 1943 1078 1985 or-

129 2022 242 2096 dau03
267 2021 440 2087 affirmans
462 2022 674 2105 impossibile
691 2043 770 2087 eum
788 2042 856 2086 non
875 2041 950 2087 esse
967 2023 1078 2085 virum

28 2144 33 2151 ·
128 2130 300 2198 sanctum,
320 2122 378 2205 qni
401 2128 500 2186 tanta
521 2123 672 2203 puritate
691 2123 771 2186 vitae
792 2131 826 2186 et
844 2122 1021 2199 doctrinae,
1040 2130 1080 2186 ut

128 2222 323 2300 audiverat,
342 2222 540 2299 claruisset3
564 2223 593 2285 si
617 2230 732 2285 autern
756 2222 884 2284 femina
901 2221 1002 2298 toret,
1019 2222 1077 2284 de-

128 2322 227 2386 vovit
237 2341 313 2387 cam
328 2330 458 2387 sanctae
473 2321 666 2399 Elizabetb‚
682 2341 759 2403 quae
773 2340 795 2385 a
807 2340 897 2403 papa
907 2320 1078 2401 Gregorio

128 2422 336 2487 canonizata
351 2421 465 2486 luerat
481 2430 563 2487 tune
581 2422 623 2485 de
641 2441 742 2486 novo.
796 2420 954 2503 Denique
977 2428 1079 2485 natus

129 2529 185 2586 est
199 2520 315 2586 infans
336 2521 523 2599 masculus,
547 2521 608 2585 sed
631 2529 807 2586 mortuus:
832 2519 925 2605 quod
948 2527 988 2584 ut
1005 2540 1078 2584 cer-

128 2621 200 2686 tius
225 2622 465 2706 experirentur
489 2622 704 2700 obstetrices,
729 2642 808 2686 curn
832 2628 925 2685 esset
943 2628 1079 2703 tempus

129 2720 288 2798 hiemale,
305 2723 342 2786 in
357 2741 449 2804 aqna
466 2721 689 2804 frigidissima
710 2742 853 2805 puerum
872 2730 1076 2803 posuerunt;

128 2822 190 2886 aad
208 2841 271 2887 nec
283 2822 334 2886 sic
349 2822 386 2885 in
399 2841 440 2885 eo
451 2822 625 2904 percipere
641 2830 827 2905 potnerunt
845 2822 963 2905 aliqua
977 2823 1078 2903 signa

129 2921 226 2986 vitm.
276 2921 389 3004 Super
403 2941 472 3004 quo
498 2930 610 2986 mater
631 2922 924 2986 inconsolabiliter
943 2920 1077 3005 ejulans

128 3039 152 3085 a
184 3020 297 3089 medio
329 3041 428 3105 paena
459 3023 570 3086 noctis
601 3021 644 3085 ad
678 3023 868 3086 orationem
898 3040 1077 3099 conversa,

129 3121 293 3185 continue
328 3121 461 3204 adspici
495 3121 626 3185 faciens
660 3122 839 3198 infantem,
870 3122 963 3185 beati
995 3119 1019 3184 J
1022 3141 1078 3185 or-

129 3220 212 3284 dani
236 3221 465 3304 patrocinium
495 3222 683 3286 invocavit.
737 3222 825 3286 Cum
849 3228 964 3284 autern
988 3220 1078 3284 dies-

128 3327 235 3397 ceret,
266 3321 428 3404 apparuit
455 3320 570 3385 infans
601 3321 713 3398 vivus,
745 3339 807 3402 pro
838 3339 908 3400 quo
940 3320 1019 3382 Duo
1045 3328 1080 3383 et

128 3418 164 3483 S.
175 3417 332 3485 Jordano
343 3422 606 3504 gratiasagens,
618 3422 654 3484 in
666 3421 901 3485 testimoninm
911 3419 1079 3495 miraculi,

128 3518 244 3602 ipsum
265 3521 431 3586 infantem
453 3522 489 3585 in
512 3522 722 3604 baptismate
737 3521 761 3584 J
763 3520 931 3584 ordanum
950 3520 1078 3583 consti·

128 3620 197 3684 tuit
213 3621 392 3703 appellari.

180 3719 278 3784 Obiit
293 3720 475 3798 Ricardus,
489 3720 734 3786 Dunelmensis
747 3721 940 3804 episcopua.
987 3720 1080 3784 Otho

126 3818 384 3902 legatus'venit
405 3823 442 3885 iu
467 3821 643 3904 Angliam.
698 3823 793 3886 Data
821 3829 874 3885 est
899 3820 964 3885 boc
989 3840 1080 3884 anno

127 3911 221 4002 'regi
235 3921 410 3995 tricesima
424 3941 505 4005 pars
520 3923 700 3986 bonorum.

161 4135 169 4169 ¹
181 4137 323 4187 'l'birword
332 4137 425 4187 inirem
432 4138 492 4198 ΑΜ
503 4138 587 4189 wbicb
652 4134 663 4167 ²
678 4137 807 4200 ‘undique
819 4132 992 4196 conveniunt?
1003 4138 1051 4187 Ar.

125 4208 184 4259 MS.
200 4209 275 4258 omits
293 4208 388 4270 ‘roca'
404 4209 454 4258 and
470 4209 532 4257 with
550 4209 588 4258 M.
652 4206 662 4235 ³
677 4208 749 4269 ‘regi
770 4224 786 4257 a
803 4208 871 4255 clero
885 4212 911 4255 et
928 4207 1021 4267 populo
1037 4209 1081 4255 tri·

123 4273 546 4329 hm‘tneboerit'tor‘inronaviff
616 4273 734 4335 cesima?
747 4277 786 4327 Μ.
