2940 4950
338 458 404 523 282
698 475 769 524 rue.
793 473 942 521 rmvnrr

339 651 410 712 gua
438 632 558 707 blaesa,
584 630 639 692 cni
666 622 799 694 ¹tamen
818 628 943 694 efficax
964 628 1127 695 facundia
1153 632 1197 696 ad
1220 652 1298 715 per·

339 730 550 794 suadendum
568 730 601 791 iu
617 731 720 792 rebus
736 748 805 792 non
821 729 928 793 defuit
946 730 1162 811 perorandis.
1206 731 1296 796 Bra·

339 829 492 894 chiorum
512 829 555 892 ad
578 829 835 911 proportionem
853 831 1007 912 corporis
1026 829 1190 895 flexibilis
1213 852 1293 914 pro·

338 929 467 1006 ductio,
494 930 619 1011 quibus
643 929 828 992 vivacitate
851 928 990 993 nervica
1012 929 1110 994 nulla
1131 939 1232 995 erant
1251 931 1294 995 ad

338 1049 437 1092 nsum
457 1029 564 1110 gladii
583 1029 738 1110 aptiora:
764 1035 885 1110 pectus
907 1030 1019 1092 ventri
1035 1032 1297 1111 praeeminebat,

338 1129 567 1211 tibiarumque
578 1127 683 1210 longa
693 1128 827 1206 divisio,
838 1147 1003 1210 equorum
1017 1128 1293 1194 nobiliumcursu

337 1236 373 1292 et
390 1229 494 1305 saltu,
511 1228 655 1292 sessoris
674 1227 871 1291 firmitatem
889 1227 1065 1310 prohibuit
1079 1228 1260 1294 infirmari.

389 1328 475 1393 Cum
494 1335 633 1392 vacaret
649 1330 693 1390 ab
704 1328 821 1404 armis,
834 1326 1076 1391 venationibus
1091 1335 1164 1391 tam
1176 1329 1293 1393 avium

337 1447 440 1509 quam
465 1428 612 1491 ferarum
638 1426 853 1508 indulgebat,
874 1432 910 1490 et
927 1427 1078 1491 maxime
1098 1446 1294 1504 cervorum,

336 1547 424 1609 quos
441 1529 474 1589 iu
492 1527 590 1609 equis
604 1519 821 1589 ²cursoribus
843 1526 979 1609 insequi
996 1527 1144 1606 solebat,
1159 1527 1294 1609 gladio·

336 1646 403 1707 que
422 1627 496 1690 vice
516 1625 676 1688 venabuli
691 1625 872 1689 confodere
890 1626 1134 1708 apprehensos.
1179 1626 1294 1705 Quem

336 1727 540 1789 commorari
565 1725 600 1788 in
631 1726 843 1806 protectione
871 1725 941 1788 Dal
967 1725 1127 1790 altissimi
1156 1728 1296 1792 notissi-

336 1844 429 1887 mum
461 1844 538 1888 esse
569 1824 709 1907 poterit,
736 1844 804 1889 non
833 1824 936 1889 modo
966 1824 1058 1908 quod
1089 1824 1293 1892 adolescens

336 1944 414 1987 cum
437 1924 545 1988 milite
572 1922 721 2006 quodam
746 1924 781 1987 in
809 1943 946 1988 camera
974 1925 1189 1991 testudinata
1212 1926 1295 1992 ludo

336 2024 500 2087 scaccarii
516 2031 719 2106 occupatus,
741 2024 856 2088 subito
878 2023 975 2088 nulla
988 2027 1180 2090 .occasione
1202 2046 1293 2110 prae·

335 2124 420 2187 stita
446 2125 536 2186 inter
559 2122 746 2195 ludendum
772 2143 919 2205 surgens
939 2123 1160 2201 discesserat,
1185 2125 1293 2211 lapis·

336 2243 404 2306 que
433 2223 609 2287 immensae
637 2222 895 2304 magnitudinis,
923 2225 984 2306 qui
1008 2224 1186 2290 sedentem
1211 2246 1294 2292 con-

336 2331 547 2405 quassasset,
576 2324 611 2385 in
634 2323 753 2387 eodem
777 2323 853 2387 loco
876 2316 1076 2404 ³ceciderit3
1100 2325 1163 2389 sed
1178 2327 1291 2392 vario·

336 2443 411 2486 rum
436 2423 661 2505 periculorum
686 2441 764 2505 quae
782 2423 983 2487 multotiens
1004 2424 1163 2502 incurrit,
1180 2425 1240 2512 (ut
1255 2428 1291 2490 in

336 2524 561 2604 sequentibus
582 2529 703 2586 notare
726 2524 854 2605 poterit
876 2522 1024 2604 diligens
1045 2523 1173 2609 lector)
1193 2528 1288 2590 exitu

337 2622 524 2686 fortunato.
578 2623 594 2685 l
599 2631 695 2685 uerat
710 2624 742 2685 ei
758 2622 893 2686 animus
912 2623 1128 2704 magnificus,
1146 2626 1290 2708 iujuria-

337 2742 412 2784 rum
430 2724 626 2804 impatiens,
643 2721 871 2803 periculorum
890 2723 1046 2787 oblivisci
1062 2743 1193 2806 cogens
1211 2726 1290 2789 dum

337 2814 522 2884 ⁴vindicari
552 2830 705 2902 cuperet,
731 2822 790 2903 qui
822 2830 935 2885 tamen
962 2823 1063 2887 facile
1095 2823 1291 2890 humilitate

338 2920 492 2983 exhibita
527 2923 641 3002 potuit
677 2921 833 2984 emolliri.
896 2921 984 2986 Cum
1014 2924 1105 2986 enim
1137 2931 1292 3007 tempore

338 3019 486 3102 quodam
508 3020 614 3103 juxta
640 3021 814 3102 quandam
847 3021 1008 3104 ripariam
1029 3022 1205 3088 falconum
1230 3045 1289 3089 au·

338 3120 440 3201 cupio
462 3137 500 3183 se
526 3129 714 3197 exerceret,
735 3140 839 3183 unum
864 3120 906 3183 de
928 3123 1112 3186 comitibus
1135 3126 1221 3200 suis,
1247 3145 1290 3188 ex

294 3212 297 3225 '
338 3219 448 3283 altera
466 3227 564 3301 parte
583 3220 679 3283 fluvii
695 3220 925 3301 negligentius
943 3241 980 3285 se
998 3221 1182 3287 habentem
1199 3226 1291 3289 circa

338 3319 519 3396 falconem,
546 3321 604 3402 qui
633 3328 770 3383 anatem
794 3321 885 3384 inter
914 3321 1037 3384 salices
1065 3324 1291 3405 corripuerat,

338 3421 475 3500 arguit3
504 3427 538 3482 et
568 3420 742 3500 argutioni
773 3421 898 3495 miuus,
930 3428 969 3484 nt
994 3421 1190 3500 videbatur,
1213 3425 1291 3488 obe-

339 3519 445 3583 dienti
467 3520 578 3582 minas
600 3519 736 3602 adjecit.
788 3518 838 3583 At
856 3519 913 3583 ille
928 3521 1112 3585 attendens
1127 3542 1191 3587 nec
1205 3544 1290 3606 pon·

340 3626 406 3681 tem
431 3639 495 3682 nec
514 3618 639 3683 vadum
666 3619 854 3682 consistere
885 3621 919 3682 in
948 3622 1155 3704 propinquo,
1180 3622 1290 3687 facili-

339 3726 411 3781 tate
427 3719 574 3800 quadam
592 3719 782 3799 respondit,
796 3719 868 3782 Sibi
887 3718 1041 3784 sufficere
1057 3722 1150 3803 quod
1169 3743 1229 3786 eos
1247 3724 1290 3786 ab

337 3819 483 3881 invicem
505 3818 630 3882 fluvius
652 3817 845 3883 dividebat:
870 3839 940 3900 quo
956 3828 1184 3902 exasperatus
1203 3822 1292 3886 lilius

338 3920 440 3998 regis,
459 3938 584 3998 aquam
604 3919 733 3999 ignotae
749 3918 992 4000 profunditatis
1009 3920 1188 4002 ingressus
1205 3942 1294 4005 equo

373 4077 380 4108 ¹
397 4082 518 4129 ‘attamen
526 4077 800 4140 flammulam„
862 4079 873 4108 ¹
890 4083 1023 4132 ‘cursibus
1034 4077 1049 4143 3'
1061 4079 1129 4133 D’A.

336 4151 465 4212 generally
482 4166 542 4232 very
561 4155 665 4210 correct,
685 4150 799 4198 uniortu-
861 4182 1048 4235 ³‘0cciderit·'
1060 4181 1163 4235 Dum
1175 4187 1257 4236 MSS·

337 4221 420 4280 nately
433 4226 546 4270 contains
558 4221 617 4282 only
629 4221 670 4269 the
685 4222 761 4269 Geato
773 4221 802 4269 oi
1033 4223 1040 4247 ’

338 4289 448 4338 Erlward
461 4292 483 4340 l.
861 4285 869 4314 ⁴
887 4288 1016 4349 ‘judicari
1024 4285 1041 4348 ς’
1054 4288 1126 4338 Mat
1137 4286 1187 4338 Ar.
