2940 4950
449 381 458 402 ’
574 403 751 451 ANNAults.
1098 389 1137 451 ll

188 564 371 635 nestatem,
388 558 432 621 ad
451 558 648 642 hujusmodi
665 566 782 623 reatus
799 559 1004 624 abolendam
1023 577 1138 623 macu-

186 658 268 733 lam,
285 657 426 721 totidem
441 660 650 722 monasteria
668 658 824 741 pluribus
843 659 964 723 dotata
991 651 1140 740 ¹praediis

186 755 230 819 ad
249 755 317 819 Dei
335 756 498 820 honorem
515 756 686 834 fundavit,
702 757 870 838 religiosis
888 758 924 821 in
936 757 1056 820 iisdem
1069 756 1140 820 col·

186 855 287 935 legiis
310 854 490 921 institutis.
547 856 709 936 Rogerus
735 864 851 920 autem
878 856 1140 920 sarisberiensis

188 953 231 1015 de
258 952 425 1018 fidelitate
448 955 658 1036 imperatrici
680 954 862 1028 servanda,
886 954 1025 1019 virente
1049 956 1140 1038 ejus·
1186 966 1195 980 ⁸

188 1051 265 1113 dem
280 1060 390 1133 patre,
407 1072 476 1115 non
490 1053 601 1116 solum
623 1052 753 1134 primus
770 1052 916 1136 juravit,
935 1053 997 1116 sed
1018 1052 1141 1117 ceteris

189 1150 346 1213 omnibns
383 1150 537 1232 praelatis
574 1158 611 1215 et
650 1151 849 1233 proceribus
885 1152 1058 1228 distincte,
1095 1151 1142 1216 ad

190 1257 311 1311 nutum
325 1248 472 1330 regium,
484 1249 649 1331 imposuit
659 1258 695 1313 et
706 1250 887 1332 proposuit
895 1250 1140 1333 juramentum.

192 1346 273 1429 lpse
302 1354 417 1411 tamen
441 1355 575 1429 postea,
597 1354 639 1412 ut
660 1347 874 1430 Stephanum
900 1348 1021 1412 eodem
1043 1348 1141 1431 jura·

191 1452 307 1509 mento
323 1446 527 1510 adstrictum
542 1447 607 1511 sibi
623 1447 790 1525 alliceret,
807 1446 996 1530 perjurium
1011 1454 1142 1511 nonest

190 1544 319 1608 veritus
336 1546 521 1624 incurrere,
539 1547 599 1611 sed
618 1546 695 1610 ahis
709 1546 887 1630 pejerandi
902 1546 1038 1627 insigne
1052 1565 1141 1627 prar-

190 1643 319 1707 struxit
345 1646 553 1728 exemplum.
621 1645 665 1709 ln
697 1666 797 1728 quem
826 1646 901 1728 ipse
931 1645 1142 1726 Stephanus,

193 1742 284 1807 ultor
303 1745 481 1808 ordinatus
502 1745 681 1822 divinitus,
702 1752 870 1827 tanquam
892 1745 1010 1824 exigui
1032 1744 1141 1828 homi-

190 1861 267 1904 nem
291 1845 455 1908 momenti
482 1845 593 1926 primo
619 1844 783 1907 carcerali
817 1837 1009 1919 ²custodiae,
1047 1849 1143 1925 post·

190 1939 329 2003 modum
347 1943 451 2005 etiam
469 1943 536 2006 cibi
552 1943 682 2025 inopia,
696 1943 881 2026 nepotique
898 1942 975 2024 ejus
989 1941 1143 2007 Alexan-

192 2037 268 2113 dro,
290 2040 348 2118 qui
368 2046 452 2102 tunc
472 2042 587 2121 regius
618 2041 843 2104 cancellarius
864 2047 950 2116 erat,
971 2042 1142 2104 intentato

192 2135 360 2214 supplicio
374 2136 424 2197 sic
439 2137 622 2212 coartavit,
639 2145 677 2200 ut
695 2139 768 2218 regi
783 2139 852 2200 duo
866 2138 960 2200 dicta
976 2139 1144 2219 praeclara

193 2238 320 2308 castra,
335 2233 372 2295 in
389 2233 514 2313 quibus
531 2241 631 2296 erant
647 2233 800 2297 thesauri
819 2234 895 2317 ejus
910 2236 1064 2316 repositi,
1080 2228 1144 2297 8re-

192 2332 358 2412 signaret.
411 2330 572 2413 Denique
596 2330 803 2415 grandaerus
825 2331 1007 2413 episcopus
1027 2332 1062 2396 vi
1082 2332 1144 2396 do·

196 2429 291 2505 loris,
317 2437 356 2493 ut
377 2429 497 2504 fertur,
517 2430 713 2511 absorptus,
734 2429 841 2494 vitam
863 2429 969 2511 longo
991 2437 1145 2512 tempore

193 2526 504 2610 splendidissimam
525 2527 593 2590 fine
612 2527 741 2590 infelici
761 2528 942 2591 conclusit.
992 2527 1146 2592 Alexan·

194 2626 256 2688 der
287 2645 369 2688 vero
398 2625 649 2690 Lincolniensis
680 2625 888 2690 munitiones
917 2644 1012 2702 suas,
1042 2627 1145 2692 modo

194 2744 262 2787 non
278 2723 448 2799 dissimili,
470 2726 662 2805 resignans,
685 2743 778 2804 aegre
800 2725 979 2788 relaxatus
996 2733 1072 2805 est;
1105 2734 1145 2791 ut

194 2824 306 2887 discat
320 2821 438 2886 divina
445 2822 579 2906 judicia
597 2823 766 2900 venerari,
777 2831 812 2886 et
825 2823 965 2886 saniora
976 2824 1019 2887 de
1031 2832 1146 2889 cetero

193 2921 391 2985 meditetur.
443 2920 540 2985 Obiit
554 2920 709 2985 Joannes
725 2921 766 2985 de
789 2921 1030 3004 Temporibus,
1052 2942 1145 2987 com-

195 3020 310 3102 pletis,
326 3027 365 3082 ut
378 3019 498 3097 fertur,
517 3020 632 3083 aetatis
651 3038 723 3083 suar
741 3021 841 3083 anuis
861 3021 1025 3084 trecentis
1044 3041 1147 3085 sexa·

195 3119 293 3198 ginta
307 3123 342 3179 et
359 3136 440 3194 uno,
457 3119 568 3201 quiet
585 3117 702 3182 Caroli
716 3119 834 3200 magni
855 3119 981 3183 dicitur
1004 3120 1147 3194 scutifer

194 3214 382 3278 exstitisse.

214 3419 342 3456 ΜΒΝ.
439 3417 637 3452 monstrosum
651 3417 676 3453 B.
777 3417 929 3453 FRANOORUM
977 3419 1115 3456 suetonum

374 3503 522 3539 trinoctium
534 3503 565 3539 11.
590 3503 703 3539 cossam
714 3503 743 3540 11.
768 3502 884 3539 nonovlcl
896 3504 942 3541 vll.
984 3504 1107 3540 sraelitai

248 3703 434 3766 Mnr1nn1s
451 3701 667 3783 imperatrix,
684 3699 756 3764 filia
769 3702 860 3782 regis
876 3700 1021 3765 Henrici
1034 3703 1147 3784 primi,
1160 3731 1250 3770 uaria·

198 3821 276 3865 cum
304 3819 468 3881 germano
498 3820 562 3864 suo
595 3801 749 3867 Roberto
777 3798 983 3864 Glocestriae
1011 3802 1145 3876 comite,
1159 3785 1264 3879 iffi.

197 3902 288 3962 circa
311 3900 435 3962 festum
459 3899 579 3964 Sancti
600 3898 795 3974 Michaelis,
819 3900 966 3963 venitin
984 3897 1147 3980 Angliam

235 4080 242 4110 ¹
255 4081 400 4142 ‘Pfoessidffi
408 4077 423 4140 i'
440 4082 479 4130 M·
721 4078 948 4140 ³‘rertgnaverit3’
960 4079 993 4128 A.
1021 4080 1029 4106 ‘
1038 4077 1149 4138 resigna·

234 4149 389 4199 “cusea
401 4144 416 4209 ε’
435 4151 474 4198 Μ.
686 4145 747 4208 vas
767 4149 825 4199 ms.
837 4146 996 4209 amero.
