2948 4942
327 448 372 514 22
689 462 761 509 uro.
777 460 925 509 rnrvurr

331 638 547 702 magnusque
563 616 782 682 vehementer
796 617 937 682 effectus
955 623 1020 693 est,
1036 615 1153 679 tamin
1165 615 1287 679 multi-

333 721 453 787 tudine
476 717 617 800 copiosa
644 717 689 782 ad
716 717 971 800 omnipotentis
1001 717 1073 779 Dur
1105 716 1284 779 servitium

335 828 559 901 congregata,
576 837 680 900 quam
704 819 740 880 in
761 836 873 881 rerum
894 815 1135 899 temporalium
1155 814 1199 878 ad
1223 835 1287 878 ue·

335 919 486 984 cessaria
504 919 585 982 vitae
607 916 761 981 subsidia
782 916 982 999 corporalis.
1034 915 1194 998 Denique
1216 933 1289 978 ser-

337 1037 457 1084 vorum
491 1018 563 1080 Dur
590 1017 660 1081 duo
693 1024 729 1080 et
751 1016 954 1080 ancillarum
987 1016 1058 1078 Dur
1091 1022 1183 1090 octo,
1216 1033 1289 1078 nou

337 1117 506 1201 ignobilia
521 1117 716 1181 construxit
724 1116 945 1192 monasteria,
955 1133 1033 1196 quae
1046 1121 1081 1178 et
1095 1114 1290 1177 numerosis

339 1211 500 1300 replevit¹
532 1215 698 1298 collegiis,
725 1223 761 1279 et
780 1216 888 1299 juxta
916 1215 1033 1278 datam
1062 1212 1129 1277 sibi
1153 1231 1176 1276 a
1204 1213 1289 1277 Dao

339 1317 545 1399 sapientiam
560 1315 697 1381 ornavit
712 1314 928 1397 regularibus
943 1313 1124 1377 institutis.

389 1410 612 1493 Willelmus,²
629 1415 857 1479 Eboracensis
874 1414 1029 1477 ecclesiae
1044 1410 1294 1489 thesaurarius,

342 1516 483 1580 cedente
514 1516 717 1591 Thurstino,
751 1513 989 1597 pontificatum
1023 1511 1194 1594 suscepit;
1237 1511 1296 1574 vir

342 1616 445 1697 plane
476 1623 511 1678 et
544 1614 732 1677 secuudum
763 1632 900 1677 carnem
931 1611 1068 1688 nobilis,
1098 1618 1133 1674 et
1157 1629 1294 1672 morum

343 1715 494 1796 ingenua
509 1712 666 1776 amabilis
681 1711 835 1776 leuitate.
888 1710 958 1789 Qui
979 1730 1056 1774 cum
1074 1702 1154 1793 ³pro
1173 1716 1296 1791 peteu-

345 1814 390 1876 do
417 1811 523 1894 pallio
546 1811 762 1894 responsales
783 1811 924 1874 idoneos
954 1811 1101 1877 Romam
1132 1808 1297 1887 misisset,

346 1911 600 1993 emergentibus
631 1910 837 1974 adversariis
867 1916 902 1974 et
926 1918 1048 1973 contra
1080 1928 1157 1972 eum
1183 1908 1298 1973 multa

345 2011 628 2094 proponentibus,
657 2019 819 2091 negatum
851 2017 924 2086 est;
958 2009 1147 2092 jussusque
1173 2013 1228 2071 est
1258 2008 1297 2071 in

345 2111 487 2193 propria
518 2128 666 2192 persona
699 2110 741 2174 ad
771 2109 884 2173 sedem
918 2107 1029 2191 ipsam
1059 2106 1235 2182 accedere,
1260 2115 1299 2171 et

345 2230 408 2293 pro
442 2210 638 2292 semetipso,
673 2217 837 2292 tauquam
873 2216 1012 2272 oetatem
1052 2207 1194 2282 habens,
1223 2199 1299 2270 ⁴re·

345 2309 514 2393 spondero
534 2309 690 2393 objectis.
744 2308 868 2372 (lausia
891 2316 1007 2371 tumen
1027 2306 1298 2388 ingravescenti-

350 2411 427 2487 bus,
445 2428 605 2492 papaque
618 2408 774 2490 Eugenio
788 2415 909 2471 contra
925 2426 1002 2470 eum
1016 2400 1301 2487 ⁵implaoabiliter

349 2510 498 2583 irritato,
521 2509 716 2588 deponitur,
737 2525 964 2588 reversusque
982 2505 1019 2569 in
1038 2504 1216 2586 Angliam,
1244 2525 1301 2569 se-

350 2606 456 2670 cessit
466 2605 702 2684 Wintoniam3
726 2606 785 2668 ubi
803 2624 825 2669 a
849 2625 914 2669 suo
939 2612 1178 2670 consecratore
1201 2604 1300 2668 Hen-

350 2706 422 2767 rico
445 2712 627 2785 susceptus
652 2713 705 2768 est
722 2703 918 2778 honorilice,
941 2712 977 2769 et
998 2703 1177 2787 splendide
1202 2705 1300 2768 exhi-

351 2804 444 2867 bitus
465 2821 526 2884 per
547 2802 747 2867 decennium
768 2803 850 2882 fere,
867 2804 924 2868 vel
940 2823 1043 2868 casus
1061 2804 1116 2868 vel
1133 2822 1300 2867 excessus

352 2922 434 2965 suos
463 2896 674 2984 ⁶deplorans,
701 2912 960 2986 temporumque
984 2904 1209 2967 mutationem
1236 2921 1301 2985 pa·

353 3001 478 3065 tienter
492 3010 691 3083 expectans.
744 3003 796 3066 Eo
814 3010 930 3066 amoto
953 3002 1150 3066 cathedram
1169 3001 1303 3066 Ebora-

292 3125 316 3165 τι
353 3102 465 3165 censis
498 3101 663 3178 ecclesiae,
701 3103 809 3165 abbas
843 3101 1074 3166 Fontaueusis
1107 3093 1303 3165 ⁷Henricus

352 3268 430 3318 archa
445 3267 541 3316 dictum
561 3271 609 3329 est,
644 3268 723 3318 ‘lbet
739 3271 813 3331 proti·
838 3270 866 3319 ii.
878 3266 939 3333 272)
958 3269 1053 3330 shortly
1064 3270 1128 3319 atter
1144 3269 1185 3319 bis
1202 3283 1306 3320 succes·

352 3341 458 3399 cisceus,
484 3344 511 3387 et
536 3351 708 3399 succrescens,
734 3340 814 3389 donec
839 3340 931 3388 siouto
944 3340 1032 3401 Henry
1044 3339 1181 3402 Mordach,
1195 3340 1305 3404 Junsd,

351 3423 459 3472 maguus
469 3408 629 3457 vehementer
639 3413 677 3457 est
688 3410 793 3458 effectus
800 3405 815 3471 ;’
842 3414 914 3459 1164.

351 3479 399 3528 Ar.
412 3478 544 3542 (Vulgste,
555 3477 621 3527 Gau.
632 3479 703 3528 xxvi.
717 3475 770 3542 lt.)
875 3476 886 3510 ⁸
903 3479 987 3528 Insert
1007 3479 1061 3527 ‘sd
1079 3479 1165 3528 wdem
1184 3479 1306 3540 spostoli-

389 3545 398 3578 ¹
416 3548 423 3575 ‘
436 3548 550 3607 implevit
559 3542 573 3605 ς’
585 3542 653 3596 D'A.
840 3562 896 3596 cum
905 3549 921 3607 3'
936 3548 985 3597 Ar.

390 3613 400 3642 ¹
416 3617 453 3664 St.
464 3616 576 3664 william
587 3630 642 3664 was
656 3629 701 3663 son
714 3615 743 3664 οἰ
756 3617 816 3665 Earl
876 3613 966 3666 ⁴‘his'
977 3617 1143 3679 respondem
1155 3613 1223 3666 D’A.

356 3684 467 3732 Herbert
493 3684 543 3731 und
572 3684 671 3745 Emma,
698 3685 772 3733 sister
793 3685 822 3733 ol
876 3684 973 3736 “sire
984 3702 1031 3748 per
1040 3689 1180 3750 vamtatem,
1191 3689 1305 3749 sivspsr

357 3753 427 3814 Kiug
438 3752 558 3812 Stephan,
573 3753 624 3801 and
635 3768 689 3802 was
701 3757 817 3803 canoniz-
842 3758 1023 3819 surreptionem
1032 3752 1047 3817 ;'
1058 3757 1105 3808 Ar.

356 3823 388 3871 sd
401 3822 446 3870 cir.
460 3825 532 3871 1280.
561 3822 610 3870 For
620 3822 661 3871 his
672 3824 818 3884 penitentia!
876 3823 886 3854 ⁸
898 3827 1059 3888 deplorans,‘
1072 3828 1098 3875 iu
1110 3827 1209 3875 silentio
1216 3820 1231 3885 ;’
1243 3824 1292 3875 Ar.

356 3890 401 3940 lile
433 3890 483 3938 aud
515 3890 629 3953 ediiyiug
662 3892 748 3954 death,
775 3908 818 3943 see
876 3892 1305 3957 iHenryltlurdach,uCisterclurr

357 3959 462 4020 Stubbs,
489 3959 571 4008 Actus
613 3962 687 4010 Pont.
722 3963 816 4023 Ebor.;
841 3965 926 4027 monh,
939 3964 1306 4027 presidedinthemetropoli·

358 4030 566 4091 Bromptou.aud
586 4030 709 4092 Gervuse,
728 4032 760 4080 ad
774 4047 817 4082 uu·
841 4039 884 4082 tan
901 4049 943 4083 see
955 4037 984 4084 of
997 4035 1068 4084 York
1086 4035 1123 4083 ior
1134 4050 1209 4084 seren
1221 4048 1307 4096 years,

357 4115 432 4160 uum;
450 4099 817 4164 andActaSS.Papebrochii,
841 4105 891 4152 and
914 4105 973 4153 died
996 4111 1022 4154 at
1047 4103 1207 4167 Shireborue,
1231 4109 1306 4155 llas.

356 4171 384 4220 ii.
397 4174 454 4231 116,
464 4171 533 4220 June
549 4169 601 4219 eth.
638 4170 680 4218 He
695 4170 755 4220 died
771 4171 817 4237 (by
841 4174 889 4223 See
913 4189 929 4222 a
951 4179 1140 4236 contemporary
1162 4176 1253 4237 epistls
1278 4180 1306 4223 to

356 4241 455 4303 poison,
466 4254 526 4302 says
537 4240 621 4302 Ruger
631 4239 661 4290 ol
668 4240 818 4305 Weudovsr,
842 4243 893 4293 him
910 4242 973 4293 from
989 4246 1027 4295 St.
1039 4244 1163 4309 bernard,
1175 4245 1224 4307 Ep.
1239 4248 1287 4294 lab
1298 4261 1307 4305 ;
