<?xml version="1.0" encoding="UTF-8"?>
<!DOCTYPE html PUBLIC "-//W3C//DTD XHTML 1.0 Transitional//EN"
    "http://www.w3.org/TR/xhtml1/DTD/xhtml1-transitional.dtd">
<html xmlns="http://www.w3.org/1999/xhtml" xml:lang="en" lang="en">
 <head>
  <title>
</title>
<meta http-equiv="Content-Type" content="text/html;charset=utf-8" />
  <meta name='ocr-system' content='tesseract 3.04.00' />
  <meta name='ocr-capabilities' content='ocr_page ocr_carea ocr_par ocr_line ocrx_word'/>
</head>
<body>
  <div class='ocr_page' id='page_1' title='image "./fnicholaitrivet00trivgoog/fnicholaitrivet00trivgoog_0342.png"; bbox 0 0 2940 4950; ppageno 0'>
   <div class='ocr_carea' id='block_1_1' title="bbox 578 454 1144 518">
    <p class='ocr_par' dir='ltr' id='par_1_1' title="bbox 578 454 1144 518">
     <span class='ocr_line' id='line_1_1' title="bbox 578 454 1144 518; baseline 0.005 -3"><span class='ocrx_word' id='word_1_1' title='bbox 578 467 762 515; x_wconf 70' lang='lat' dir='ltr'><strong>annuens.</strong></span> <span class='ocrx_word' id='word_1_2' title='bbox 1078 454 1144 518; x_wconf 81' lang='lat'><strong>309</strong></span> 
     </span>
    </p>
   </div>
   <div class='ocr_carea' id='block_1_2' title="bbox 185 620 1299 2097">
    <p class='ocr_par' dir='ltr' id='par_1_2' title="bbox 185 620 1266 1598">
     <span class='ocr_line' id='line_1_2' title="bbox 191 620 1141 708; baseline 0.006 -23"><span class='ocrx_word' id='word_1_3' title='bbox 191 622 229 687; x_wconf 93' lang='lat' dir='ltr'><strong>in</strong></span> <span class='ocrx_word' id='word_1_4' title='bbox 253 620 430 705; x_wconf 79' lang='lat' dir='ltr'><strong>Apuliam,</strong></span> <span class='ocrx_word' id='word_1_5' title='bbox 453 623 557 687; x_wconf 90' lang='lat' dir='ltr'><strong>Siculi</strong></span> <span class='ocrx_word' id='word_1_6' title='bbox 585 631 706 688; x_wconf 91' lang='lat' dir='ltr'><strong>contra</strong></span> <span class='ocrx_word' id='word_1_7' title='bbox 730 624 903 707; x_wconf 91' lang='lat' dir='ltr'><strong>Neapolin</strong></span> <span class='ocrx_word' id='word_1_8' title='bbox 923 644 1000 688; x_wconf 92' lang='lat' dir='ltr'><strong>cum</strong></span> <span class='ocrx_word' id='word_1_9' title='bbox 1019 625 1141 708; x_wconf 85' lang='lat' dir='ltr'><strong>viginti</strong></span> 
     </span>
     <span class='ocr_line' id='line_1_3' title="bbox 190 718 1141 807; baseline 0.003 -22"><span class='ocrx_word' id='word_1_10' title='bbox 190 729 326 804; x_wconf 82' lang='lat' dir='ltr'><strong>septem</strong></span> <span class='ocrx_word' id='word_1_11' title='bbox 346 721 454 804; x_wconf 79' lang='lat' dir='ltr'><strong>galeis</strong></span> <span class='ocrx_word' id='word_1_12' title='bbox 472 731 641 787; x_wconf 86' lang='lat' dir='ltr'><strong>venerunt</strong></span> <span class='ocrx_word' id='word_1_13' title='bbox 656 725 822 801; x_wconf 82' lang='lat' dir='ltr'><strong>armatis3</strong></span> <span class='ocrx_word' id='word_1_14' title='bbox 848 718 1030 789; x_wconf 86' lang='lat' dir='ltr'><strong>¹adversus</strong></span> <span class='ocrx_word' id='word_1_15' title='bbox 1052 744 1141 807; x_wconf 91' lang='lat' dir='ltr'><strong>quos</strong></span> 
     </span>
     <span class='ocr_line' id='line_1_4' title="bbox 193 820 1140 907; baseline 0.004 -22"><span class='ocrx_word' id='word_1_16' title='bbox 193 820 341 885; x_wconf 81' lang='lat' dir='ltr'>Carolus</span> <span class='ocrx_word' id='word_1_17' title='bbox 392 821 486 884; x_wconf 87' lang='lat' dir='ltr'><strong>filius</strong></span> <span class='ocrx_word' id='word_1_18' title='bbox 536 823 627 903; x_wconf 86' lang='lat' dir='ltr'><strong>regis</strong></span> <span class='ocrx_word' id='word_1_19' title='bbox 674 822 802 898; x_wconf 85' lang='lat' dir='ltr'><strong>Caroli,</strong></span> <span class='ocrx_word' id='word_1_20' title='bbox 850 832 933 888; x_wconf 89' lang='lat' dir='ltr'><strong>tunc</strong></span> <span class='ocrx_word' id='word_1_21' title='bbox 981 825 1140 907; x_wconf 90' lang='lat' dir='ltr'><strong>princeps</strong></span> 
     </span>
     <span class='ocr_line' id='line_1_5' title="bbox 194 919 1140 1003; baseline 0.003 -19"><span class='ocrx_word' id='word_1_22' title='bbox 194 919 351 995; x_wconf 84' lang='lat' dir='ltr'><strong>Achaiae,</strong></span> <span class='ocrx_word' id='word_1_23' title='bbox 382 940 542 1003; x_wconf 81' lang='lat' dir='ltr'><strong>egressus</strong></span> <span class='ocrx_word' id='word_1_24' title='bbox 574 940 650 984; x_wconf 86' lang='lat' dir='ltr'><strong>cum</strong></span> <span class='ocrx_word' id='word_1_25' title='bbox 684 942 811 1003; x_wconf 81' lang='lat' dir='ltr'><strong>magna</strong></span> <span class='ocrx_word' id='word_1_26' title='bbox 844 923 1021 1003; x_wconf 79' lang='lat' dir='ltr'><strong>galearum</strong></span> <span class='ocrx_word' id='word_1_27' title='bbox 1055 924 1140 987; x_wconf 93' lang='lat' dir='ltr'><strong>mul·</strong></span> 
     </span>
     <span class='ocr_line' id='line_1_6' title="bbox 193 1019 1136 1102; baseline 0.003 -19"><span class='ocrx_word' id='word_1_28' title='bbox 193 1019 341 1083; x_wconf 82' lang='lat' dir='ltr'>titudine</span> <span class='ocrx_word' id='word_1_29' title='bbox 368 1020 412 1084; x_wconf 88' lang='lat' dir='ltr'><strong>ad</strong></span> <span class='ocrx_word' id='word_1_30' title='bbox 436 1020 670 1102; x_wconf 86' lang='lat' dir='ltr'><strong>pugnandum,</strong></span> <span class='ocrx_word' id='word_1_31' title='bbox 697 1022 932 1085; x_wconf 88' lang='lat' dir='ltr'>obtinentibus</span> <span class='ocrx_word' id='word_1_32' title='bbox 956 1023 1136 1086; x_wconf 85' lang='lat' dir='ltr'><strong>victoriam</strong></span> 
     </span>
     <span class='ocr_line' id='line_1_7' title="bbox 188 1118 1138 1202; baseline 0.002 -20"><span class='ocrx_word' id='word_1_33' title='bbox 188 1118 360 1195; x_wconf 82' lang='lat' dir='ltr'><strong>hostibus,</strong></span> <span class='ocrx_word' id='word_1_34' title='bbox 377 1126 501 1202; x_wconf 87' lang='lat' dir='ltr'><strong>captus</strong></span> <span class='ocrx_word' id='word_1_35' title='bbox 523 1126 577 1184; x_wconf 90' lang='lat' dir='ltr'><strong>est</strong></span> <span class='ocrx_word' id='word_1_36' title='bbox 595 1138 672 1183; x_wconf 92' lang='lat' dir='ltr'><strong>cum</strong></span> <span class='ocrx_word' id='word_1_37' title='bbox 697 1120 813 1182; x_wconf 89' lang='lat' dir='ltr'><strong>multis</strong></span> <span class='ocrx_word' id='word_1_38' title='bbox 836 1120 924 1196; x_wconf 88' lang='lat' dir='ltr'><strong>aliis,</strong></span> <span class='ocrx_word' id='word_1_39' title='bbox 945 1130 980 1184; x_wconf 87' lang='lat' dir='ltr'><strong>et</strong></span> <span class='ocrx_word' id='word_1_40' title='bbox 996 1121 1040 1184; x_wconf 92' lang='lat' dir='ltr'><strong>ad</strong></span> <span class='ocrx_word' id='word_1_41' title='bbox 1056 1121 1138 1185; x_wconf 89' lang='lat' dir='ltr'><strong>civi·</strong></span> 
     </span>
     <span class='ocr_line' id='line_1_8' title="bbox 189 1217 1266 1301; baseline -0.006 -19"><span class='ocrx_word' id='word_1_42' title='bbox 189 1225 298 1282; x_wconf 84' lang='lat' dir='ltr'><strong>tatem</strong></span> <span class='ocrx_word' id='word_1_43' title='bbox 320 1218 520 1282; x_wconf 81' lang='lat' dir='ltr'><strong>Messanam</strong></span> <span class='ocrx_word' id='word_1_44' title='bbox 546 1217 713 1282; x_wconf 90' lang='lat' dir='ltr'><strong>deductus</strong></span> <span class='ocrx_word' id='word_1_45' title='bbox 737 1220 908 1301; x_wconf 87' lang='lat' dir='ltr'><strong>captivus.</strong></span> <span class='ocrx_word' id='word_1_46' title='bbox 961 1219 1041 1283; x_wconf 83' lang='lat' dir='ltr'><strong>Rex</strong></span> <span class='ocrx_word' id='word_1_47' title='bbox 1062 1218 1137 1283; x_wconf 86' lang='lat' dir='ltr'><strong>An·</strong></span> <span class='ocrx_word' id='word_1_48' title='bbox 1150 1238 1266 1278; x_wconf 74' lang='lat' dir='ltr'><strong>soaoa</strong></span> 
     </span>
     <span class='ocr_line' id='line_1_9' title="bbox 188 1289 1237 1400; baseline -0.005 -19"><span class='ocrx_word' id='word_1_49' title='bbox 188 1317 273 1399; x_wconf 81' lang='lat' dir='ltr'><strong>gliae</strong></span> <span class='ocrx_word' id='word_1_50' title='bbox 300 1317 391 1400; x_wconf 90' lang='lat' dir='ltr'><strong>apud</strong></span> <span class='ocrx_word' id='word_1_51' title='bbox 417 1317 554 1382; x_wconf 90' lang='lat' dir='ltr'><strong>Actone</strong></span> <span class='ocrx_word' id='word_1_52' title='bbox 582 1317 713 1381; x_wconf 86' lang='lat' dir='ltr'><strong>Burnel</strong></span> <span class='ocrx_word' id='word_1_53' title='bbox 742 1325 821 1399; x_wconf 90' lang='lat' dir='ltr'><strong>post</strong></span> <span class='ocrx_word' id='word_1_54' title='bbox 848 1317 972 1381; x_wconf 86' lang='lat' dir='ltr'><strong>festum</strong></span> <span class='ocrx_word' id='word_1_55' title='bbox 1004 1318 1040 1383; x_wconf 90' lang='lat' dir='ltr'><strong>S.</strong></span> <span class='ocrx_word' id='word_1_56' title='bbox 1068 1289 1237 1383; x_wconf 59' lang='lat' dir='ltr'><strong>nli-iffi.</strong></span> 
     </span>
     <span class='ocr_line' id='line_1_10' title="bbox 188 1415 1139 1499; baseline 0 -18"><span class='ocrx_word' id='word_1_57' title='bbox 188 1415 321 1481; x_wconf 88' lang='lat' dir='ltr'><strong>chaelis</strong></span> <span class='ocrx_word' id='word_1_58' title='bbox 360 1417 625 1499; x_wconf 83' lang='lat' dir='ltr'><strong>parliamentum</strong></span> <span class='ocrx_word' id='word_1_59' title='bbox 664 1417 788 1492; x_wconf 90' lang='lat' dir='ltr'><strong>tenuit,</strong></span> <span class='ocrx_word' id='word_1_60' title='bbox 829 1417 886 1479; x_wconf 93' lang='lat' dir='ltr'><strong>ubi</strong></span> <span class='ocrx_word' id='word_1_61' title='bbox 925 1417 1054 1481; x_wconf 88' lang='lat' dir='ltr'><strong>editum</strong></span> <span class='ocrx_word' id='word_1_62' title='bbox 1084 1426 1139 1481; x_wconf 88' lang='lat' dir='ltr'><strong>est</strong></span> 
     </span>
     <span class='ocr_line' id='line_1_11' title="bbox 185 1515 1137 1598; baseline 0.002 -19"><span class='ocrx_word' id='word_1_63' title='bbox 185 1522 359 1579; x_wconf 85' lang='lat' dir='ltr'><strong>statutum</strong></span> <span class='ocrx_word' id='word_1_64' title='bbox 385 1517 664 1598; x_wconf 76' lang='lat' dir='ltr'><strong>cognominatum</strong></span> <span class='ocrx_word' id='word_1_65' title='bbox 690 1534 712 1579; x_wconf 90' lang='lat' dir='ltr'><strong>a</strong></span> <span class='ocrx_word' id='word_1_66' title='bbox 737 1515 825 1579; x_wconf 88' lang='lat' dir='ltr'><strong>loco.</strong></span> <span class='ocrx_word' id='word_1_67' title='bbox 887 1515 1017 1579; x_wconf 89' lang='lat' dir='ltr'><strong>Eodem</strong></span> <span class='ocrx_word' id='word_1_68' title='bbox 1046 1537 1137 1581; x_wconf 88' lang='lat' dir='ltr'><strong>anno</strong></span> 
     </span>
    </p>

    <p class='ocr_par' dir='ltr' id='par_1_3' title="bbox 186 1615 1137 1698">
     <span class='ocr_line' id='line_1_12' title="bbox 186 1615 1137 1698; baseline 0.001 -19"><span class='ocrx_word' id='word_1_69' title='bbox 186 1633 272 1679; x_wconf 87' lang='lat' dir='ltr'><strong>ossa</strong></span> <span class='ocrx_word' id='word_1_70' title='bbox 297 1615 389 1679; x_wconf 86' lang='lat' dir='ltr'><strong>beati</strong></span> <span class='ocrx_word' id='word_1_71' title='bbox 412 1615 591 1692; x_wconf 88' lang='lat' dir='ltr'><strong>Willelmi,</strong></span> <span class='ocrx_word' id='word_1_72' title='bbox 616 1615 845 1679; x_wconf 90' lang='lat' dir='ltr'><strong>Eboracensis</strong></span> <span class='ocrx_word' id='word_1_73' title='bbox 877 1616 1137 1698; x_wconf 86' lang='lat' dir='ltr'><strong>archiepiscopi,</strong></span> 
     </span>
    </p>

    <p class='ocr_par' dir='ltr' id='par_1_4' title="bbox 185 1715 1299 2097">
     <span class='ocr_line' id='line_1_13' title="bbox 185 1715 1137 1780; baseline -0.001 -1"><span class='ocrx_word' id='word_1_74' title='bbox 185 1715 224 1779; x_wconf 92' lang='lat' dir='ltr'><strong>in</strong></span> <span class='ocrx_word' id='word_1_75' title='bbox 266 1716 424 1779; x_wconf 89' lang='lat' dir='ltr'><strong>altiorem</strong></span> <span class='ocrx_word' id='word_1_76' title='bbox 464 1716 577 1780; x_wconf 92' lang='lat' dir='ltr'><strong>locum</strong></span> <span class='ocrx_word' id='word_1_77' title='bbox 616 1734 693 1777; x_wconf 86' lang='lat' dir='ltr'><strong>oum</strong></span> <span class='ocrx_word' id='word_1_78' title='bbox 730 1715 948 1779; x_wconf 84' lang='lat' dir='ltr'><strong>solemnitate</strong></span> <span class='ocrx_word' id='word_1_79' title='bbox 985 1717 1137 1779; x_wconf 83' lang='lat' dir='ltr'><strong>maxima</strong></span> 
     </span>
     <span class='ocr_line' id='line_1_14' title="bbox 186 1812 1234 1890; baseline -0.007 -12"><span class='ocrx_word' id='word_1_80' title='bbox 186 1814 454 1879; x_wconf 84' lang='lat' dir='ltr'><strong>transferuntur.</strong></span> <span class='ocrx_word' id='word_1_81' title='bbox 501 1813 674 1878; x_wconf 88' lang='lat' dir='ltr'><strong>Antonius</strong></span> <span class='ocrx_word' id='word_1_82' title='bbox 685 1813 728 1877; x_wconf 92' lang='lat' dir='ltr'><strong>de</strong></span> <span class='ocrx_word' id='word_1_83' title='bbox 742 1812 871 1890; x_wconf 87' lang='lat' dir='ltr'><strong>Becko,</strong></span> <span class='ocrx_word' id='word_1_84' title='bbox 886 1814 1047 1878; x_wconf 85' lang='lat' dir='ltr'><strong>defuncto</strong></span> <span class='ocrx_word' id='word_1_85' title='bbox 1063 1815 1135 1879; x_wconf 92' lang='lat' dir='ltr'><strong>Ro·</strong></span> <span class='ocrx_word' id='word_1_86' title='bbox 1148 1833 1234 1872; x_wconf 71' lang='lat' dir='ltr'><strong>autnon</strong></span> 
     </span>
     <span class='ocr_line' id='line_1_15' title="bbox 187 1882 1299 1996; baseline -0.006 -18"><span class='ocrx_word' id='word_1_87' title='bbox 187 1914 290 1978; x_wconf 88' lang='lat' dir='ltr'><strong>berto</strong></span> <span class='ocrx_word' id='word_1_88' title='bbox 317 1913 360 1977; x_wconf 92' lang='lat' dir='ltr'><strong>de</strong></span> <span class='ocrx_word' id='word_1_89' title='bbox 385 1913 519 1990; x_wconf 89' lang='lat' dir='ltr'><strong>Insula,</strong></span> <span class='ocrx_word' id='word_1_90' title='bbox 550 1913 775 1977; x_wconf 88' lang='lat' dir='ltr'><strong>Dunelmensi</strong></span> <span class='ocrx_word' id='word_1_91' title='bbox 803 1913 978 1996; x_wconf 86' lang='lat' dir='ltr'><strong>episcopo,</strong></span> <span class='ocrx_word' id='word_1_92' title='bbox 1002 1915 1036 1977; x_wconf 94' lang='lat' dir='ltr'><strong>in</strong></span> <span class='ocrx_word' id='word_1_93' title='bbox 1060 1933 1135 1978; x_wconf 90' lang='lat' dir='ltr'><strong>suc·</strong></span> <span class='ocrx_word' id='word_1_94' title='bbox 1148 1882 1299 1973; x_wconf 57' lang='lat' dir='ltr'><strong>ir‘irlirlal‘f&#39;</strong></span> 
     </span>
     <span class='ocr_line' id='line_1_16' title="bbox 188 2012 1137 2097; baseline -0.001 -20"><span class='ocrx_word' id='word_1_95' title='bbox 188 2031 361 2077; x_wconf 76' lang='lat' dir='ltr'><strong>sessorem</strong></span> <span class='ocrx_word' id='word_1_96' title='bbox 383 2012 459 2095; x_wconf 89' lang='lat' dir='ltr'><strong>ejus</strong></span> <span class='ocrx_word' id='word_1_97' title='bbox 485 2013 627 2090; x_wconf 89' lang='lat' dir='ltr'><strong>electus,</strong></span> <span class='ocrx_word' id='word_1_98' title='bbox 653 2013 698 2076; x_wconf 92' lang='lat' dir='ltr'><strong>ab</strong></span> <span class='ocrx_word' id='word_1_99' title='bbox 723 2013 933 2076; x_wconf 89' lang='lat' dir='ltr'><strong>Eboracensi</strong></span> <span class='ocrx_word' id='word_1_100' title='bbox 968 2013 1137 2097; x_wconf 85' lang='lat' dir='ltr'><strong>archiepi-</strong></span> 
     </span>
    </p>
   </div>
   <div class='ocr_carea' id='block_1_3' title="bbox 186 2119 544 2194">
    <p class='ocr_par' dir='ltr' id='par_1_5' title="bbox 186 2119 544 2194">
     <span class='ocr_line' id='line_1_17' title="bbox 186 2119 544 2194; baseline 0.003 -18"><span class='ocrx_word' id='word_1_101' title='bbox 186 2129 297 2194; x_wconf 89' lang='lat' dir='ltr'><strong>scopo</strong></span> <span class='ocrx_word' id='word_1_102' title='bbox 312 2119 544 2177; x_wconf 87' lang='lat' dir='ltr'><strong>consecratur.</strong></span> 
     </span>
    </p>
   </div>
   <div class='ocr_carea' id='block_1_4' title="bbox 209 2316 1114 2387">
    <p class='ocr_par' dir='ltr' id='par_1_6' title="bbox 209 2316 1114 2387">
     <span class='ocr_line' id='line_1_18' title="bbox 209 2316 1114 2387; baseline -0.001 -24"><span class='ocrx_word' id='word_1_103' title='bbox 209 2327 340 2365; x_wconf 55' lang='lat' dir='ltr'><strong>minae.</strong></span> <span class='ocrx_word' id='word_1_104' title='bbox 433 2328 632 2367; x_wconf 55' lang='lat' dir='ltr'><strong>alamuosan</strong></span> <span class='ocrx_word' id='word_1_105' title='bbox 646 2330 670 2365; x_wconf 81' lang='lat' dir='ltr'><strong>lt.</strong></span> <span class='ocrx_word' id='word_1_106' title='bbox 748 2316 927 2387; x_wconf 51' lang='lat' dir='ltr'><strong>[PRANGORUM</strong></span> <span class='ocrx_word' id='word_1_107' title='bbox 974 2326 1114 2363; x_wconf 65' lang='lat' dir='ltr'><strong>launoium</strong></span> 
     </span>
    </p>
   </div>
   <div class='ocr_carea' id='block_1_5' title="bbox 195 2413 1118 2521">
    <p class='ocr_par' dir='ltr' id='par_1_7' title="bbox 195 2413 1118 2521">
     <span class='ocr_line' id='line_1_19' title="bbox 195 2413 1118 2453; baseline -0.002 -1"><span class='ocrx_word' id='word_1_108' title='bbox 195 2415 352 2453; x_wconf 71' lang='lat' dir='ltr'><strong>novumn.</strong></span> <span class='ocrx_word' id='word_1_109' title='bbox 390 2416 546 2453; x_wconf 72' lang='lat' dir='ltr'><strong>naumain.</strong></span> <span class='ocrx_word' id='word_1_110' title='bbox 610 2416 719 2453; x_wconf 75' lang='lat' dir='ltr'><strong>nanuum</strong></span> <span class='ocrx_word' id='word_1_111' title='bbox 774 2415 881 2451; x_wconf 75' lang='lat' dir='ltr'><strong>earnium</strong></span> <span class='ocrx_word' id='word_1_112' title='bbox 895 2415 935 2451; x_wconf 90' lang='lat'>111.</span> <span class='ocrx_word' id='word_1_113' title='bbox 974 2413 1118 2450; x_wconf 74' lang='lat' dir='ltr'><strong>unwanum.</strong></span> 
     </span>
     <span class='ocr_line' id='line_1_20' title="bbox 454 2473 1065 2521; baseline -0.005 0"><span class='ocrx_word' id='word_1_114' title='bbox 454 2476 480 2521; x_wconf 80' lang='lat'><strong>4.</strong></span> <span class='ocrx_word' id='word_1_115' title='bbox 647 2476 686 2521; x_wconf 80' lang='lat'><strong>12.</strong></span> <span class='ocrx_word' id='word_1_116' title='bbox 835 2474 873 2518; x_wconf 79' lang='lat'><strong>14.</strong></span> <span class='ocrx_word' id='word_1_117' title='bbox 1025 2473 1065 2518; x_wconf 78' lang='lat'><strong>12.</strong></span> 
     </span>
    </p>
   </div>
   <div class='ocr_carea' id='block_1_6' title="bbox 189 2594 1290 4071">
    <p class='ocr_par' dir='ltr' id='par_1_8' title="bbox 189 2594 1290 3658">
     <span class='ocr_line' id='line_1_21' title="bbox 241 2594 1244 2683; baseline -0.003 -16"><span class='ocrx_word' id='word_1_118' title='bbox 241 2601 351 2667; x_wconf 77' lang='lat' dir='ltr'><strong>Aaou</strong></span> <span class='ocrx_word' id='word_1_119' title='bbox 368 2611 520 2667; x_wconf 86' lang='lat' dir='ltr'><strong>castrum</strong></span> <span class='ocrx_word' id='word_1_120' title='bbox 536 2601 579 2665; x_wconf 90' lang='lat' dir='ltr'><strong>de</strong></span> <span class='ocrx_word' id='word_1_121' title='bbox 597 2594 818 2676; x_wconf 84' lang='lat' dir='ltr'><strong>Karnarvan,</strong></span> <span class='ocrx_word' id='word_1_122' title='bbox 839 2599 931 2683; x_wconf 92' lang='lat' dir='ltr'><strong>quod</strong></span> <span class='ocrx_word' id='word_1_123' title='bbox 950 2618 1059 2681; x_wconf 85' lang='lat' dir='ltr'><strong>nuper</strong></span> <span class='ocrx_word' id='word_1_124' title='bbox 1076 2618 1137 2662; x_wconf 87' lang='lat' dir='ltr'><strong>rex</strong></span> <span class='ocrx_word' id='word_1_125' title='bbox 1150 2624 1244 2664; x_wconf 74' lang='lat' dir='ltr'><strong>aanor</strong></span> 
     </span>
     <span class='ocr_line' id='line_1_22' title="bbox 189 2673 1290 2784; baseline -0.004 -17"><span class='ocrx_word' id='word_1_126' title='bbox 189 2700 330 2784; x_wconf 78' lang='lat' dir='ltr'><strong>Angliae</strong></span> <span class='ocrx_word' id='word_1_127' title='bbox 351 2701 574 2765; x_wconf 85' lang='lat' dir='ltr'><strong>fortissimum</strong></span> <span class='ocrx_word' id='word_1_128' title='bbox 594 2699 733 2776; x_wconf 83' lang='lat' dir='ltr'><strong>fecerat,</strong></span> <span class='ocrx_word' id='word_1_129' title='bbox 756 2707 928 2763; x_wconf 89' lang='lat' dir='ltr'><strong>natusest</strong></span> <span class='ocrx_word' id='word_1_130' title='bbox 946 2698 1018 2780; x_wconf 86' lang='lat' dir='ltr'><strong>regi</strong></span> <span class='ocrx_word' id='word_1_131' title='bbox 1035 2698 1136 2775; x_wconf 88' lang='lat' dir='ltr'><strong>filins,</strong></span> <span class='ocrx_word' id='word_1_132' title='bbox 1150 2673 1290 2765; x_wconf 57' lang='lat' dir='ltr'><strong>{iffi</strong></span> 
     </span>
     <span class='ocr_line' id='line_1_23' title="bbox 189 2798 1138 2882; baseline -0.003 -18"><span class='ocrx_word' id='word_1_133' title='bbox 189 2820 236 2866; x_wconf 86' lang='lat' dir='ltr'><strong>ex</strong></span> <span class='ocrx_word' id='word_1_134' title='bbox 261 2801 399 2864; x_wconf 90' lang='lat' dir='ltr'><strong>nomine</strong></span> <span class='ocrx_word' id='word_1_135' title='bbox 425 2800 533 2882; x_wconf 87' lang='lat' dir='ltr'><strong>patris</strong></span> <span class='ocrx_word' id='word_1_136' title='bbox 559 2807 703 2863; x_wconf 85' lang='lat' dir='ltr'><strong>vocatus</strong></span> <span class='ocrx_word' id='word_1_137' title='bbox 726 2798 931 2863; x_wconf 87' lang='lat' dir='ltr'><strong>Edwardus.</strong></span> <span class='ocrx_word' id='word_1_138' title='bbox 981 2798 1073 2874; x_wconf 88' lang='lat' dir='ltr'><strong>Rex,</strong></span> <span class='ocrx_word' id='word_1_139' title='bbox 1095 2798 1138 2862; x_wconf 92' lang='lat' dir='ltr'><strong>de</strong></span> 
     </span>
     <span class='ocr_line' id='line_1_24' title="bbox 189 2898 1138 2983; baseline -0.005 -18"><span class='ocrx_word' id='word_1_140' title='bbox 189 2899 402 2965; x_wconf 87' lang='lat' dir='ltr'><strong>Snowdonia</strong></span> <span class='ocrx_word' id='word_1_141' title='bbox 432 2919 494 2983; x_wconf 87' lang='lat' dir='ltr'><strong>per</strong></span> <span class='ocrx_word' id='word_1_142' title='bbox 525 2898 689 2964; x_wconf 89' lang='lat' dir='ltr'><strong>Walliam</strong></span> <span class='ocrx_word' id='word_1_143' title='bbox 722 2898 968 2963; x_wconf 87' lang='lat' dir='ltr'><strong>occidentalem</strong></span> <span class='ocrx_word' id='word_1_144' title='bbox 999 2917 1138 2980; x_wconf 75' lang='lat' dir='ltr'><strong>progre</strong></span> 
     </span>
     <span class='ocr_line' id='line_1_25' title="bbox 189 2990 1137 3080; baseline -0.005 -17"><span class='ocrx_word' id='word_1_145' title='bbox 189 2999 300 3076; x_wconf 88' lang='lat' dir='ltr'><strong>diens,</strong></span> <span class='ocrx_word' id='word_1_146' title='bbox 330 2999 474 3064; x_wconf 86' lang='lat' dir='ltr'><strong>intravit</strong></span> <span class='ocrx_word' id='word_1_147' title='bbox 502 2998 813 3079; x_wconf 80' lang='lat' dir='ltr'><strong>Glomorgantiam,</strong></span> <span class='ocrx_word' id='word_1_148' title='bbox 842 3017 920 3080; x_wconf 86' lang='lat' dir='ltr'><strong>quae</strong></span> <span class='ocrx_word' id='word_1_149' title='bbox 945 2997 990 3060; x_wconf 90' lang='lat' dir='ltr'><strong>ad</strong></span> <span class='ocrx_word' id='word_1_150' title='bbox 1012 2990 1137 3059; x_wconf 83' lang='lat' dir='ltr'><strong>²domi-</strong></span> 
     </span>
     <span class='ocr_line' id='line_1_26' title="bbox 191 3096 1137 3179; baseline -0.003 -17"><span class='ocrx_word' id='word_1_151' title='bbox 191 3099 367 3162; x_wconf 84' lang='lat' dir='ltr'><strong>nationem</strong></span> <span class='ocrx_word' id='word_1_152' title='bbox 389 3097 524 3161; x_wconf 87' lang='lat' dir='ltr'><strong>comitis</strong></span> <span class='ocrx_word' id='word_1_153' title='bbox 545 3096 743 3160; x_wconf 83' lang='lat' dir='ltr'><strong>Gloverniae</strong></span> <span class='ocrx_word' id='word_1_154' title='bbox 768 3098 923 3160; x_wconf 87' lang='lat' dir='ltr'><strong>noscitur</strong></span> <span class='ocrx_word' id='word_1_155' title='bbox 944 3096 1137 3179; x_wconf 88' lang='lat' dir='ltr'><strong>pertinere;</strong></span> 
     </span>
     <span class='ocr_line' id='line_1_27' title="bbox 191 3195 1136 3280; baseline -0.002 -20"><span class='ocrx_word' id='word_1_156' title='bbox 191 3205 419 3280; x_wconf 87' lang='lat' dir='ltr'><strong>receptusque</strong></span> <span class='ocrx_word' id='word_1_157' title='bbox 444 3215 466 3259; x_wconf 89' lang='lat' dir='ltr'><strong>a</strong></span> <span class='ocrx_word' id='word_1_158' title='bbox 494 3196 618 3260; x_wconf 89' lang='lat' dir='ltr'><strong>comite</strong></span> <span class='ocrx_word' id='word_1_159' title='bbox 646 3215 722 3259; x_wconf 92' lang='lat' dir='ltr'><strong>cum</strong></span> <span class='ocrx_word' id='word_1_160' title='bbox 750 3195 879 3258; x_wconf 89' lang='lat' dir='ltr'><strong>honore</strong></span> <span class='ocrx_word' id='word_1_161' title='bbox 905 3197 1069 3271; x_wconf 86' lang='lat' dir='ltr'><strong>maximo,</strong></span> <span class='ocrx_word' id='word_1_162' title='bbox 1092 3197 1136 3258; x_wconf 91' lang='lat' dir='ltr'><strong>ab</strong></span> 
     </span>
     <span class='ocr_line' id='line_1_28' title="bbox 189 3293 1137 3379; baseline -0.004 -20"><span class='ocrx_word' id='word_1_163' title='bbox 189 3295 309 3360; x_wconf 87' lang='lat' dir='ltr'><strong>eodem</strong></span> <span class='ocrx_word' id='word_1_164' title='bbox 330 3296 478 3378; x_wconf 89' lang='lat' dir='ltr'><strong>propriis</strong></span> <span class='ocrx_word' id='word_1_165' title='bbox 494 3296 658 3379; x_wconf 89' lang='lat' dir='ltr'><strong>impensis</strong></span> <span class='ocrx_word' id='word_1_166' title='bbox 677 3312 786 3376; x_wconf 89' lang='lat' dir='ltr'><strong>usque</strong></span> <span class='ocrx_word' id='word_1_167' title='bbox 807 3293 851 3356; x_wconf 86' lang='lat' dir='ltr'><strong>ad</strong></span> <span class='ocrx_word' id='word_1_168' title='bbox 872 3301 1040 3357; x_wconf 89' lang='lat' dir='ltr'><strong>terrarum</strong></span> <span class='ocrx_word' id='word_1_169' title='bbox 1060 3311 1137 3355; x_wconf 88' lang='lat' dir='ltr'><strong>sua·</strong></span> 
     </span>
     <span class='ocr_line' id='line_1_29' title="bbox 189 3388 1138 3466; baseline -0.006 -9"><span class='ocrx_word' id='word_1_170' title='bbox 189 3413 268 3457; x_wconf 89' lang='lat' dir='ltr'><strong>rum</strong></span> <span class='ocrx_word' id='word_1_171' title='bbox 299 3395 463 3458; x_wconf 89' lang='lat' dir='ltr'><strong>terminos</strong></span> <span class='ocrx_word' id='word_1_172' title='bbox 494 3405 548 3460; x_wconf 90' lang='lat' dir='ltr'><strong>est</strong></span> <span class='ocrx_word' id='word_1_173' title='bbox 579 3394 757 3458; x_wconf 89' lang='lat' dir='ltr'><strong>deductus.</strong></span> <span class='ocrx_word' id='word_1_174' title='bbox 810 3391 903 3466; x_wconf 83' lang='lat' dir='ltr'><strong>Rex,</strong></span> <span class='ocrx_word' id='word_1_175' title='bbox 937 3388 1138 3453; x_wconf 89' lang='lat' dir='ltr'><strong>Bristollum</strong></span> 
     </span>
     <span class='ocr_line' id='line_1_30' title="bbox 189 3488 1138 3570; baseline -0.006 -13"><span class='ocrx_word' id='word_1_176' title='bbox 189 3492 346 3570; x_wconf 80' lang='lat' dir='ltr'><strong>veniens,</strong></span> <span class='ocrx_word' id='word_1_177' title='bbox 380 3493 504 3558; x_wconf 91' lang='lat' dir='ltr'><strong>ibidem</strong></span> <span class='ocrx_word' id='word_1_178' title='bbox 544 3494 668 3558; x_wconf 82' lang='lat' dir='ltr'><strong>festum</strong></span> <span class='ocrx_word' id='word_1_179' title='bbox 707 3491 913 3555; x_wconf 80' lang='lat' dir='ltr'><strong>Natiuitatis</strong></span> <span class='ocrx_word' id='word_1_180' title='bbox 946 3488 1138 3553; x_wconf 83' lang='lat' dir='ltr'><strong>Dominicae</strong></span> 
     </span>
     <span class='ocr_line' id='line_1_31' title="bbox 189 3592 477 3658; baseline 0 0"><span class='ocrx_word' id='word_1_181' title='bbox 189 3592 303 3658; x_wconf 84' lang='lat' dir='ltr'><strong>tenuit</strong></span> <span class='ocrx_word' id='word_1_182' title='bbox 319 3611 361 3657; x_wconf 86' lang='lat' dir='ltr'><strong>eo</strong></span> <span class='ocrx_word' id='word_1_183' title='bbox 375 3611 477 3658; x_wconf 91' lang='lat' dir='ltr'><strong>anno.</strong></span> 
     </span>
    </p>

    <p class='ocr_par' dir='ltr' id='par_1_9' title="bbox 189 3689 1141 4071">
     <span class='ocr_line' id='line_1_32' title="bbox 243 3689 1138 3774; baseline -0.007 -19"><span class='ocrx_word' id='word_1_184' title='bbox 243 3690 438 3774; x_wconf 87' lang='lat' dir='ltr'><strong>Philippus,</strong></span> <span class='ocrx_word' id='word_1_185' title='bbox 474 3690 566 3754; x_wconf 87' lang='lat' dir='ltr'><strong>filius</strong></span> <span class='ocrx_word' id='word_1_186' title='bbox 601 3691 692 3769; x_wconf 83' lang='lat' dir='ltr'><strong>regis</strong></span> <span class='ocrx_word' id='word_1_187' title='bbox 728 3690 881 3772; x_wconf 91' lang='lat' dir='ltr'><strong>Philippi</strong></span> <span class='ocrx_word' id='word_1_188' title='bbox 913 3689 1138 3765; x_wconf 82' lang='lat' dir='ltr'><strong>Francorum,</strong></span> 
     </span>
     <span class='ocr_line' id='line_1_33' title="bbox 190 3788 1139 3870; baseline -0.006 -14"><span class='ocrx_word' id='word_1_189' title='bbox 190 3809 336 3855; x_wconf 82' lang='lat' dir='ltr'><strong>uxorem</strong></span> <span class='ocrx_word' id='word_1_190' title='bbox 365 3790 466 3853; x_wconf 82' lang='lat' dir='ltr'><strong>duxit</strong></span> <span class='ocrx_word' id='word_1_191' title='bbox 491 3789 677 3866; x_wconf 77' lang='lat' dir='ltr'><strong>loannem,</strong></span> <span class='ocrx_word' id='word_1_192' title='bbox 700 3788 806 3853; x_wconf 89' lang='lat' dir='ltr'><strong>filiam</strong></span> <span class='ocrx_word' id='word_1_193' title='bbox 836 3790 926 3870; x_wconf 82' lang='lat' dir='ltr'><strong>regis</strong></span> <span class='ocrx_word' id='word_1_194' title='bbox 957 3788 1139 3864; x_wconf 85' lang='lat' dir='ltr'><strong>Navarrae,</strong></span> 
     </span>
     <span class='ocr_line' id='line_1_34' title="bbox 189 3885 1139 3973; baseline -0.004 -21"><span class='ocrx_word' id='word_1_195' title='bbox 189 3889 456 3973; x_wconf 79' lang='lat' dir='ltr'><strong>privignamque</strong></span> <span class='ocrx_word' id='word_1_196' title='bbox 477 3887 671 3952; x_wconf 91' lang='lat' dir='ltr'><strong>Eadmundi</strong></span> <span class='ocrx_word' id='word_1_197' title='bbox 694 3888 849 3969; x_wconf 82' lang='lat' dir='ltr'><strong>germani</strong></span> <span class='ocrx_word' id='word_1_198' title='bbox 877 3889 967 3969; x_wconf 81' lang='lat' dir='ltr'><strong>regis</strong></span> <span class='ocrx_word' id='word_1_199' title='bbox 990 3885 1139 3967; x_wconf 83' lang='lat' dir='ltr'><strong>Angliae,</strong></span> 
     </span>
     <span class='ocr_line' id='line_1_35' title="bbox 189 3985 1141 4071; baseline -0.006 -19"><span class='ocrx_word' id='word_1_200' title='bbox 189 3989 362 4071; x_wconf 85' lang='lat' dir='ltr'><strong>accipiens</strong></span> <span class='ocrx_word' id='word_1_201' title='bbox 393 4008 472 4052; x_wconf 91' lang='lat' dir='ltr'><strong>cum</strong></span> <span class='ocrx_word' id='word_1_202' title='bbox 503 3988 621 4051; x_wconf 89' lang='lat' dir='ltr'><strong>eadem</strong></span> <span class='ocrx_word' id='word_1_203' title='bbox 657 4006 799 4067; x_wconf 80' lang='lat' dir='ltr'><strong>regnum</strong></span> <span class='ocrx_word' id='word_1_204' title='bbox 835 3985 1075 4049; x_wconf 87' lang='lat' dir='ltr'><strong>Navarrornm</strong></span> <span class='ocrx_word' id='word_1_205' title='bbox 1106 3990 1141 4046; x_wconf 89' lang='lat' dir='ltr'><strong>et</strong></span> 
     </span>
    </p>
   </div>
   <div class='ocr_carea' id='block_1_7' title="bbox 226 4209 1130 4285">
    <p class='ocr_par' dir='ltr' id='par_1_10' title="bbox 226 4209 1130 4285">
     <span class='ocr_line' id='line_1_36' title="bbox 226 4209 1130 4285; baseline -0.006 -17"><span class='ocrx_word' id='word_1_206' title='bbox 226 4216 233 4248; x_wconf 91' lang='lat'><strong>¹</strong></span> <span class='ocrx_word' id='word_1_207' title='bbox 252 4214 411 4280; x_wconf 56' lang='lat' dir='ltr'><strong>‘adversam’</strong></span> <span class='ocrx_word' id='word_1_208' title='bbox 428 4219 509 4269; x_wconf 81' lang='lat' dir='ltr'><em>MSS.</em></span> <span class='ocrx_word' id='word_1_209' title='bbox 662 4215 667 4285; x_wconf 88' lang='grc' dir='ltr'>Ι</span> <span class='ocrx_word' id='word_1_210' title='bbox 717 4214 728 4246; x_wconf 75' lang='lat'>²</span> <span class='ocrx_word' id='word_1_211' title='bbox 746 4216 883 4264; x_wconf 84' lang='lat' dir='ltr'><strong>‘ditionem</strong></span> <span class='ocrx_word' id='word_1_212' title='bbox 892 4209 906 4274; x_wconf 85' lang='lat'><strong>;’</strong></span> <span class='ocrx_word' id='word_1_213' title='bbox 918 4213 965 4262; x_wconf 79' lang='lat' dir='ltr'><strong>Ar.</strong></span> <span class='ocrx_word' id='word_1_214' title='bbox 977 4218 1001 4261; x_wconf 84' lang='lat' dir='ltr'><strong>et</strong></span> <span class='ocrx_word' id='word_1_215' title='bbox 1012 4212 1060 4262; x_wconf 70' lang='lat' dir='ltr'><strong>Ar.</strong></span> <span class='ocrx_word' id='word_1_216' title='bbox 1072 4217 1130 4263; x_wconf 73' lang='lat'><strong>22⁰.</strong></span> 
     </span>
    </p>
   </div>
   <div class='ocr_carea' id='block_1_8' title="bbox 0 0 1474 4950">
    <p class='ocr_par' dir='ltr' id='par_1_11' title="bbox 0 0 1474 4950">
     <span class='ocr_line' id='line_1_37' title="bbox 0 0 1474 4950; baseline 0 0"><span class='ocrx_word' id='word_1_217' title='bbox 0 0 1474 4950; x_wconf 95' lang='lat' dir='ltr'><strong> </strong></span> 
     </span>
    </p>
   </div>
  </div>
 </body>
</html>
