<?xml version="1.0" encoding="UTF-8"?>
<!DOCTYPE html PUBLIC "-//W3C//DTD XHTML 1.0 Transitional//EN"
    "http://www.w3.org/TR/xhtml1/DTD/xhtml1-transitional.dtd">
<html xmlns="http://www.w3.org/1999/xhtml" xml:lang="en" lang="en">
 <head>
  <title>
</title>
<meta http-equiv="Content-Type" content="text/html;charset=utf-8" />
  <meta name='ocr-system' content='tesseract 3.04.00' />
  <meta name='ocr-capabilities' content='ocr_page ocr_carea ocr_par ocr_line ocrx_word'/>
</head>
<body>
  <div class='ocr_page' id='page_1' title='image "./fnicholaitrivet00trivgoog_0116.png"; bbox 0 0 2940 4950; ppageno 0'>
   <div class='ocr_carea' id='block_1_1' title="bbox 571 409 1135 475">
    <p class='ocr_par' dir='ltr' id='par_1_1' title="bbox 571 409 1135 475">
     <span class='ocr_line' id='line_1_1' title="bbox 571 409 1135 475; baseline 0.005 -3"><span class='ocrx_word' id='word_1_1' title='bbox 571 425 754 475; x_wconf 75' lang='lat' dir='ltr'><strong>susanna.</strong></span> <span class='ocrx_word' id='word_1_2' title='bbox 1091 409 1135 475; x_wconf 82' lang='lat'><strong>83</strong></span> 
     </span>
    </p>
   </div>
   <div class='ocr_carea' id='block_1_2' title="bbox 184 581 1291 3723">
    <p class='ocr_par' dir='ltr' id='par_1_2' title="bbox 184 581 1291 3723">
     <span class='ocr_line' id='line_1_2' title="bbox 184 581 1260 662; baseline -0.001 -17"><span class='ocrx_word' id='word_1_3' title='bbox 184 581 249 645; x_wconf 90' lang='lat' dir='ltr'><strong>bus</strong></span> <span class='ocrx_word' id='word_1_4' title='bbox 280 588 316 645; x_wconf 90' lang='lat' dir='ltr'><strong>et</strong></span> <span class='ocrx_word' id='word_1_5' title='bbox 340 581 480 646; x_wconf 88' lang='lat' dir='ltr'><strong>omnino</strong></span> <span class='ocrx_word' id='word_1_6' title='bbox 509 581 704 648; x_wconf 87' lang='lat' dir='ltr'><strong>damnanda</strong></span> <span class='ocrx_word' id='word_1_7' title='bbox 734 584 947 649; x_wconf 88' lang='lat' dir='ltr'><strong>consuetudo</strong></span> <span class='ocrx_word' id='word_1_8' title='bbox 973 584 1260 662; x_wconf 51' lang='lat' dir='ltr'><strong>invaluitfflmu.</strong></span> 
     </span>
     <span class='ocr_line' id='line_1_3' title="bbox 185 665 1291 765; baseline 0.011 -21"><span class='ocrx_word' id='word_1_9' title='bbox 185 699 275 762; x_wconf 86' lang='lat' dir='ltr'><strong>quse,</strong></span> <span class='ocrx_word' id='word_1_10' title='bbox 300 681 365 746; x_wconf 92' lang='lat' dir='ltr'><strong>nisi</strong></span> <span class='ocrx_word' id='word_1_11' title='bbox 390 702 452 765; x_wconf 89' lang='lat' dir='ltr'><strong>per</strong></span> <span class='ocrx_word' id='word_1_12' title='bbox 471 690 621 748; x_wconf 89' lang='lat' dir='ltr'><strong>vestram</strong></span> <span class='ocrx_word' id='word_1_13' title='bbox 645 684 850 748; x_wconf 84' lang='lat' dir='ltr'><strong>industriam</strong></span> <span class='ocrx_word' id='word_1_14' title='bbox 870 683 974 749; x_wconf 83' lang='lat' dir='ltr'><strong>fuerit</strong></span> <span class='ocrx_word' id='word_1_15' title='bbox 994 684 1134 749; x_wconf 87' lang='lat' dir='ltr'><strong>sublata</strong></span> <span class='ocrx_word' id='word_1_16' title='bbox 1145 665 1291 765; x_wconf 53' lang='lat' dir='ltr'><strong>{imm</strong></span> 
     </span>
     <span class='ocr_line' id='line_1_4' title="bbox 186 765 1215 867; baseline 0.005 -24"><span class='ocrx_word' id='word_1_17' title='bbox 186 779 228 844; x_wconf 91' lang='lat' dir='ltr'><strong>de</strong></span> <span class='ocrx_word' id='word_1_18' title='bbox 250 781 374 856; x_wconf 90' lang='lat' dir='ltr'><strong>medio,</strong></span> <span class='ocrx_word' id='word_1_19' title='bbox 393 782 428 845; x_wconf 93' lang='lat' dir='ltr'><strong>in</strong></span> <span class='ocrx_word' id='word_1_20' title='bbox 451 802 590 846; x_wconf 81' lang='lat' dir='ltr'>enorme</span> <span class='ocrx_word' id='word_1_21' title='bbox 613 784 720 847; x_wconf 79' lang='lat' dir='ltr'><strong>totius</strong></span> <span class='ocrx_word' id='word_1_22' title='bbox 738 784 821 847; x_wconf 91' lang='lat' dir='ltr'><strong>cleri</strong></span> <span class='ocrx_word' id='word_1_23' title='bbox 843 783 1058 867; x_wconf 80' lang='lat' dir='ltr'>dispendium</span> <span class='ocrx_word' id='word_1_24' title='bbox 1078 765 1215 848; x_wconf 53' lang='grc' dir='ltr'><strong>εθ-Μ·</strong></span> 
     </span>
     <span class='ocr_line' id='line_1_5' title="bbox 186 877 1133 948; baseline 0.006 -7"><span class='ocrx_word' id='word_1_25' title='bbox 186 877 362 944; x_wconf 86' lang='lat' dir='ltr'><strong>hementer</strong></span> <span class='ocrx_word' id='word_1_26' title='bbox 390 890 577 947; x_wconf 81' lang='lat' dir='ltr'><strong>excrescet.</strong></span> <span class='ocrx_word' id='word_1_27' title='bbox 629 882 667 947; x_wconf 90' lang='lat' dir='ltr'><strong>Si</strong></span> <span class='ocrx_word' id='word_1_28' title='bbox 698 882 722 946; x_wconf 83' lang='lat' dir='ltr'>J</span> <span class='ocrx_word' id='word_1_29' title='bbox 726 883 845 948; x_wconf 83' lang='lat' dir='ltr'><strong>udaeus</strong></span> <span class='ocrx_word' id='word_1_30' title='bbox 876 891 938 947; x_wconf 89' lang='lat' dir='ltr'><strong>aut</strong></span> <span class='ocrx_word' id='word_1_31' title='bbox 968 884 1133 948; x_wconf 84' lang='lat' dir='ltr'><strong>laicorum</strong></span> 
     </span>
     <span class='ocr_line' id='line_1_6' title="bbox 186 979 1134 1064; baseline 0.005 -23"><span class='ocrx_word' id='word_1_32' title='bbox 186 979 373 1042; x_wconf 87' lang='lat' dir='ltr'><strong>vilissimus</strong></span> <span class='ocrx_word' id='word_1_33' title='bbox 401 981 580 1059; x_wconf 87' lang='lat' dir='ltr'><strong>occiditur,</strong></span> <span class='ocrx_word' id='word_1_34' title='bbox 600 983 718 1047; x_wconf 89' lang='lat' dir='ltr'><strong>statim</strong></span> <span class='ocrx_word' id='word_1_35' title='bbox 736 982 906 1064; x_wconf 91' lang='lat' dir='ltr'><strong>supplicio</strong></span> <span class='ocrx_word' id='word_1_36' title='bbox 931 983 1051 1048; x_wconf 89' lang='lat' dir='ltr'><strong>mortis</strong></span> <span class='ocrx_word' id='word_1_37' title='bbox 1075 1002 1134 1046; x_wconf 90' lang='lat' dir='ltr'><strong>oc-</strong></span> 
     </span>
     <span class='ocr_line' id='line_1_7' title="bbox 186 1072 1134 1163; baseline 0.005 -23"><span class='ocrx_word' id='word_1_38' title='bbox 186 1079 278 1142; x_wconf 91' lang='lat' dir='ltr'><strong>cisor</strong></span> <span class='ocrx_word' id='word_1_39' title='bbox 298 1072 496 1144; x_wconf 85' lang='lat' dir='ltr'><strong>¹addicitnr.</strong></span> <span class='ocrx_word' id='word_1_40' title='bbox 548 1081 586 1145; x_wconf 88' lang='lat' dir='ltr'><strong>si</strong></span> <span class='ocrx_word' id='word_1_41' title='bbox 612 1082 691 1163; x_wconf 92' lang='lat' dir='ltr'><strong>quis</strong></span> <span class='ocrx_word' id='word_1_42' title='bbox 716 1101 799 1145; x_wconf 88' lang='lat' dir='ltr'><strong>vero</strong></span> <span class='ocrx_word' id='word_1_43' title='bbox 822 1082 1034 1146; x_wconf 81' lang='lat' dir='ltr'><strong>sacerdotem</strong></span> <span class='ocrx_word' id='word_1_44' title='bbox 1059 1081 1134 1146; x_wconf 86' lang='lat' dir='ltr'><strong>sive</strong></span> 
     </span>
     <span class='ocr_line' id='line_1_8' title="bbox 185 1176 1134 1264; baseline 0.002 -23"><span class='ocrx_word' id='word_1_45' title='bbox 185 1176 346 1241; x_wconf 91' lang='lat' dir='ltr'><strong>clericum</strong></span> <span class='ocrx_word' id='word_1_46' title='bbox 375 1181 517 1244; x_wconf 90' lang='lat' dir='ltr'><strong>minoris</strong></span> <span class='ocrx_word' id='word_1_47' title='bbox 551 1187 613 1244; x_wconf 88' lang='lat' dir='ltr'><strong>aut</strong></span> <span class='ocrx_word' id='word_1_48' title='bbox 643 1180 786 1264; x_wconf 90' lang='lat' dir='ltr'><strong>majoris</strong></span> <span class='ocrx_word' id='word_1_49' title='bbox 818 1188 930 1245; x_wconf 86' lang='lat' dir='ltr'><strong>status</strong></span> <span class='ocrx_word' id='word_1_50' title='bbox 960 1181 1134 1257; x_wconf 90' lang='lat' dir='ltr'><strong>occiderit,</strong></span> 
     </span>
     <span class='ocr_line' id='line_1_9' title="bbox 187 1277 1135 1357; baseline 0.002 -18"><span class='ocrx_word' id='word_1_51' title='bbox 187 1277 264 1340; x_wconf 91' lang='lat' dir='ltr'><strong>sola</strong></span> <span class='ocrx_word' id='word_1_52' title='bbox 292 1279 648 1344; x_wconf 83' lang='lat' dir='ltr'><strong>excommunicatione</strong></span> <span class='ocrx_word' id='word_1_53' title='bbox 670 1287 846 1357; x_wconf 91' lang='lat' dir='ltr'><strong>contenta,</strong></span> <span class='ocrx_word' id='word_1_54' title='bbox 871 1287 932 1344; x_wconf 87' lang='lat' dir='ltr'><strong>aut</strong></span> <span class='ocrx_word' id='word_1_55' title='bbox 958 1289 998 1343; x_wconf 86' lang='lat' dir='ltr'><strong>nt</strong></span> <span class='ocrx_word' id='word_1_56' title='bbox 1019 1280 1135 1344; x_wconf 86' lang='lat' dir='ltr'><strong>verius</strong></span> 
     </span>
     <span class='ocr_line' id='line_1_10' title="bbox 187 1372 1135 1461; baseline 0.003 -23"><span class='ocrx_word' id='word_1_57' title='bbox 187 1375 311 1458; x_wconf 86' lang='lat' dir='ltr'><strong>loquar</strong></span> <span class='ocrx_word' id='word_1_58' title='bbox 341 1386 552 1460; x_wconf 89' lang='lat' dir='ltr'><strong>contempta,</strong></span> <span class='ocrx_word' id='word_1_59' title='bbox 585 1372 783 1461; x_wconf 75' lang='grc' dir='ltr'><strong>2[θθθΙθείε]</strong></span> <span class='ocrx_word' id='word_1_60' title='bbox 816 1379 1004 1443; x_wconf 87' lang='lat' dir='ltr'><strong>materialis</strong></span> <span class='ocrx_word' id='word_1_61' title='bbox 1035 1397 1135 1461; x_wconf 89' lang='lat' dir='ltr'><strong>opem</strong></span> 
     </span>
     <span class='ocr_line' id='line_1_11' title="bbox 187 1471 1137 1561; baseline 0.003 -24"><span class='ocrx_word' id='word_1_62' title='bbox 187 1474 295 1556; x_wconf 85' lang='lat' dir='ltr'>gladii</span> <span class='ocrx_word' id='word_1_63' title='bbox 322 1496 391 1540; x_wconf 93' lang='lat' dir='ltr'><strong>non</strong></span> <span class='ocrx_word' id='word_1_64' title='bbox 420 1471 614 1559; x_wconf 80' lang='lat' dir='ltr'><strong>³requiret&#39;l</strong></span> <span class='ocrx_word' id='word_1_65' title='bbox 665 1478 770 1542; x_wconf 89' lang='lat' dir='ltr'><strong>Scitis</strong></span> <span class='ocrx_word' id='word_1_66' title='bbox 795 1478 965 1561; x_wconf 90' lang='lat' dir='ltr'><strong>equidem,</strong></span> <span class='ocrx_word' id='word_1_67' title='bbox 993 1477 1084 1560; x_wconf 91' lang='lat' dir='ltr'><strong>qnod</strong></span> <span class='ocrx_word' id='word_1_68' title='bbox 1115 1495 1137 1540; x_wconf 90' lang='lat' dir='ltr'><strong>a</strong></span> 
     </span>
     <span class='ocr_line' id='line_1_12' title="bbox 188 1575 1136 1660; baseline 0.002 -22"><span class='ocrx_word' id='word_1_69' title='bbox 188 1575 339 1639; x_wconf 89' lang='lat' dir='ltr'><strong>Domino</strong></span> <span class='ocrx_word' id='word_1_70' title='bbox 365 1576 492 1643; x_wconf 91' lang='lat' dir='ltr'><strong>dictum</strong></span> <span class='ocrx_word' id='word_1_71' title='bbox 516 1585 570 1642; x_wconf 89' lang='lat' dir='ltr'><strong>est</strong></span> <span class='ocrx_word' id='word_1_72' title='bbox 591 1576 722 1660; x_wconf 85' lang='lat' dir='ltr'><strong>Moysi,</strong></span> <span class='ocrx_word' id='word_1_73' title='bbox 747 1577 953 1641; x_wconf 81' lang='lat' dir='ltr'><strong>‘Maleficos</strong></span> <span class='ocrx_word' id='word_1_74' title='bbox 980 1596 1049 1641; x_wconf 94' lang='lat' dir='ltr'><strong>non</strong></span> <span class='ocrx_word' id='word_1_75' title='bbox 1073 1595 1136 1659; x_wconf 86' lang='lat' dir='ltr'><strong>pa·</strong></span> 
     </span>
     <span class='ocr_line' id='line_1_13' title="bbox 190 1670 1136 1760; baseline 0.001 -22"><span class='ocrx_word' id='word_1_76' title='bbox 190 1675 284 1738; x_wconf 84' lang='lat' dir='ltr'><strong>tiaris</strong></span> <span class='ocrx_word' id='word_1_77' title='bbox 297 1675 414 1740; x_wconf 87' lang='lat' dir='ltr'><strong>vivere</strong></span> <span class='ocrx_word' id='word_1_78' title='bbox 428 1670 468 1742; x_wconf 80' lang='lat'><strong>:¹⁴</strong></span> <span class='ocrx_word' id='word_1_79' title='bbox 492 1685 529 1742; x_wconf 89' lang='lat' dir='ltr'><strong>et</strong></span> <span class='ocrx_word' id='word_1_80' title='bbox 545 1674 717 1760; x_wconf 83' lang='lat' dir='ltr'><strong>Apostolo</strong></span> <span class='ocrx_word' id='word_1_81' title='bbox 735 1684 846 1755; x_wconf 87' lang='lat' dir='ltr'><strong>teste;</strong></span> <span class='ocrx_word' id='word_1_82' title='bbox 875 1676 1042 1758; x_wconf 86' lang='lat' dir='ltr'><strong>Princeps</strong></span> <span class='ocrx_word' id='word_1_83' title='bbox 1060 1676 1136 1757; x_wconf 84' lang='lat' dir='ltr'><strong>gla-</strong></span> 
     </span>
     <span class='ocr_line' id='line_1_14' title="bbox 187 1773 1135 1853; baseline 0.002 -17"><span class='ocrx_word' id='word_1_84' title='bbox 187 1773 282 1837; x_wconf 91' lang='lat' dir='ltr'><strong>dium</strong></span> <span class='ocrx_word' id='word_1_85' title='bbox 301 1775 405 1840; x_wconf 88' lang='lat' dir='ltr'><strong>habet</strong></span> <span class='ocrx_word' id='word_1_86' title='bbox 421 1777 485 1840; x_wconf 88' lang='lat' dir='ltr'><strong>‘ad</strong></span> <span class='ocrx_word' id='word_1_87' title='bbox 501 1777 688 1841; x_wconf 85' lang='lat' dir='ltr'><strong>vindictam</strong></span> <span class='ocrx_word' id='word_1_88' title='bbox 712 1776 981 1853; x_wconf 85' lang='lat' dir='ltr'><strong>malefactorum,</strong></span> <span class='ocrx_word' id='word_1_89' title='bbox 998 1774 1135 1840; x_wconf 90' lang='lat' dir='ltr'><strong>landem</strong></span> 
     </span>
     <span class='ocr_line' id='line_1_15' title="bbox 187 1871 1135 1952; baseline 0.001 -15"><span class='ocrx_word' id='word_1_90' title='bbox 187 1892 270 1938; x_wconf 85' lang='lat' dir='ltr'><strong>vero</strong></span> <span class='ocrx_word' id='word_1_91' title='bbox 299 1871 507 1939; x_wconf 66' lang='lat' dir='ltr'><strong>bonorum!⁵</strong></span> <span class='ocrx_word' id='word_1_92' title='bbox 557 1875 626 1939; x_wconf 85' lang='lat' dir='ltr'><strong>Sed</strong></span> <span class='ocrx_word' id='word_1_93' title='bbox 660 1882 696 1939; x_wconf 89' lang='lat' dir='ltr'><strong>et</strong></span> <span class='ocrx_word' id='word_1_94' title='bbox 723 1875 894 1940; x_wconf 80' lang='lat' dir='ltr'><strong>Dominus</strong></span> <span class='ocrx_word' id='word_1_95' title='bbox 923 1875 1019 1950; x_wconf 88' lang='lat' dir='ltr'><strong>dicit,</strong></span> <span class='ocrx_word' id='word_1_96' title='bbox 1037 1872 1135 1952; x_wconf 87' lang='lat' dir='ltr'><strong>‘Qui</strong></span> 
     </span>
     <span class='ocr_line' id='line_1_16' title="bbox 188 1967 1136 2057; baseline 0.004 -22"><span class='ocrx_word' id='word_1_97' title='bbox 188 1992 252 2035; x_wconf 89' lang='lat' dir='ltr'><strong>vos</strong></span> <span class='ocrx_word' id='word_1_98' title='bbox 266 1975 392 2054; x_wconf 88' lang='lat' dir='ltr'><strong>tangit,</strong></span> <span class='ocrx_word' id='word_1_99' title='bbox 407 1993 462 2037; x_wconf 90' lang='lat' dir='ltr'><strong>me</strong></span> <span class='ocrx_word' id='word_1_100' title='bbox 476 1975 591 2056; x_wconf 85' lang='lat' dir='ltr'><strong>tangit</strong></span> <span class='ocrx_word' id='word_1_101' title='bbox 603 1967 642 2053; x_wconf 70' lang='grc' dir='ltr'><strong>;’ο</strong></span> <span class='ocrx_word' id='word_1_102' title='bbox 668 1982 703 2038; x_wconf 91' lang='lat' dir='ltr'><strong>et</strong></span> <span class='ocrx_word' id='word_1_103' title='bbox 720 1994 782 2057; x_wconf 93' lang='lat' dir='ltr'><strong>per</strong></span> <span class='ocrx_word' id='word_1_104' title='bbox 801 1973 1017 2057; x_wconf 80' lang='lat' dir='ltr'><strong>prophetam,</strong></span> <span class='ocrx_word' id='word_1_105' title='bbox 1035 1980 1045 2008; x_wconf 89' lang='lat'>‘</span> <span class='ocrx_word' id='word_1_106' title='bbox 1061 1973 1136 2039; x_wconf 92' lang='lat' dir='ltr'><strong>No·</strong></span> 
     </span>
     <span class='ocr_line' id='line_1_17' title="bbox 187 2064 1136 2154; baseline 0.005 -21"><span class='ocrx_word' id='word_1_107' title='bbox 187 2069 272 2146; x_wconf 89' lang='lat' dir='ltr'><strong>lite,&#39;</strong></span> <span class='ocrx_word' id='word_1_108' title='bbox 290 2071 415 2153; x_wconf 90' lang='lat' dir='ltr'><strong>inquit,</strong></span> <span class='ocrx_word' id='word_1_109' title='bbox 432 2078 595 2154; x_wconf 85' lang='lat' dir='ltr'><strong>‘tangere</strong></span> <span class='ocrx_word' id='word_1_110' title='bbox 609 2071 757 2136; x_wconf 88' lang='lat' dir='ltr'><strong>christos</strong></span> <span class='ocrx_word' id='word_1_111' title='bbox 773 2064 918 2137; x_wconf 83' lang='lat' dir='ltr'><strong>meos.&#39;⁷</strong></span> <span class='ocrx_word' id='word_1_112' title='bbox 960 2073 1030 2138; x_wconf 92' lang='lat' dir='ltr'><strong>Ubi</strong></span> <span class='ocrx_word' id='word_1_113' title='bbox 1053 2092 1136 2154; x_wconf 86' lang='lat' dir='ltr'><strong>ergo</strong></span> 
     </span>
     <span class='ocr_line' id='line_1_18' title="bbox 187 2169 1138 2251; baseline 0.003 -19"><span class='ocrx_word' id='word_1_114' title='bbox 187 2176 306 2251; x_wconf 90' lang='lat' dir='ltr'><strong>posset</strong></span> <span class='ocrx_word' id='word_1_115' title='bbox 327 2169 532 2233; x_wconf 83' lang='lat' dir='ltr'><strong>maleficium</strong></span> <span class='ocrx_word' id='word_1_116' title='bbox 554 2170 739 2233; x_wconf 88' lang='lat' dir='ltr'><strong>immanius</strong></span> <span class='ocrx_word' id='word_1_117' title='bbox 761 2177 797 2235; x_wconf 91' lang='lat' dir='ltr'><strong>et</strong></span> <span class='ocrx_word' id='word_1_118' title='bbox 817 2171 1064 2235; x_wconf 82' lang='lat' dir='ltr'><strong>exsecrabilius</strong></span> <span class='ocrx_word' id='word_1_119' title='bbox 1086 2173 1138 2235; x_wconf 88' lang='lat' dir='ltr'><strong>in·</strong></span> 
     </span>
     <span class='ocr_line' id='line_1_19' title="bbox 187 2267 1137 2352; baseline 0.001 -20"><span class='ocrx_word' id='word_1_120' title='bbox 187 2269 310 2345; x_wconf 87' lang='lat' dir='ltr'><strong>veniri,</strong></span> <span class='ocrx_word' id='word_1_121' title='bbox 331 2287 435 2352; x_wconf 91' lang='lat' dir='ltr'><strong>quam</strong></span> <span class='ocrx_word' id='word_1_122' title='bbox 461 2268 613 2351; x_wconf 84' lang='lat' dir='ltr'><strong>grassari</strong></span> <span class='ocrx_word' id='word_1_123' title='bbox 634 2267 837 2332; x_wconf 84' lang='lat' dir='ltr'><strong>inebriatos</strong></span> <span class='ocrx_word' id='word_1_124' title='bbox 859 2268 1021 2347; x_wconf 80' lang='lat' dir='ltr'><strong>Domini3</strong></span> <span class='ocrx_word' id='word_1_125' title='bbox 1049 2277 1085 2331; x_wconf 88' lang='lat' dir='ltr'><strong>et</strong></span> <span class='ocrx_word' id='word_1_126' title='bbox 1101 2271 1137 2333; x_wconf 92' lang='lat' dir='ltr'><strong>in</strong></span> 
     </span>
     <span class='ocr_line' id='line_1_20' title="bbox 187 2366 1136 2452; baseline 0.001 -22"><span class='ocrx_word' id='word_1_127' title='bbox 187 2369 353 2451; x_wconf 90' lang='lat' dir='ltr'><strong>populum</strong></span> <span class='ocrx_word' id='word_1_128' title='bbox 365 2368 617 2450; x_wconf 83' lang='lat' dir='ltr'><strong>acquisitionis,</strong></span> <span class='ocrx_word' id='word_1_129' title='bbox 630 2366 740 2431; x_wconf 87' lang='lat' dir='ltr'><strong>libera</strong></span> <span class='ocrx_word' id='word_1_130' title='bbox 754 2367 971 2449; x_wconf 86' lang='lat' dir='ltr'><strong>impunitatis</strong></span> <span class='ocrx_word' id='word_1_131' title='bbox 985 2366 1136 2452; x_wconf 87' lang='lat' dir='ltr'><strong>licentia,</strong></span> 
     </span>
     <span class='ocr_line' id='line_1_21' title="bbox 186 2465 1139 2549; baseline 0.001 -19"><span class='ocrx_word' id='word_1_132' title='bbox 186 2467 340 2549; x_wconf 80' lang='lat' dir='ltr'><strong>gladium</strong></span> <span class='ocrx_word' id='word_1_133' title='bbox 359 2469 545 2532; x_wconf 70' lang='lat' dir='ltr'><strong>exer-cerel</strong></span> <span class='ocrx_word' id='word_1_134' title='bbox 590 2465 746 2549; x_wconf 86' lang='lat' dir='ltr'><strong>Accepta</strong></span> <span class='ocrx_word' id='word_1_135' title='bbox 757 2466 841 2530; x_wconf 92' lang='lat' dir='ltr'><strong>mihi</strong></span> <span class='ocrx_word' id='word_1_136' title='bbox 855 2473 950 2530; x_wconf 84' lang='lat' dir='ltr'><strong>esset</strong></span> <span class='ocrx_word' id='word_1_137' title='bbox 965 2468 1139 2532; x_wconf 88' lang='lat' dir='ltr'><strong>sententia</strong></span> 
     </span>
     <span class='ocr_line' id='line_1_22' title="bbox 187 2566 1138 2644; baseline 0.001 -14"><span class='ocrx_word' id='word_1_138' title='bbox 187 2566 553 2633; x_wconf 86' lang='lat' dir='ltr'><strong>excommunicationis</strong></span> <span class='ocrx_word' id='word_1_139' title='bbox 570 2566 606 2630; x_wconf 92' lang='lat' dir='ltr'><strong>in</strong></span> <span class='ocrx_word' id='word_1_140' title='bbox 622 2566 764 2644; x_wconf 89' lang='lat' dir='ltr'><strong>talibus,</strong></span> <span class='ocrx_word' id='word_1_141' title='bbox 783 2567 813 2629; x_wconf 90' lang='lat' dir='ltr'><strong>si</strong></span> <span class='ocrx_word' id='word_1_142' title='bbox 832 2566 989 2631; x_wconf 88' lang='lat' dir='ltr'><strong>timorem</strong></span> <span class='ocrx_word' id='word_1_143' title='bbox 998 2567 1138 2632; x_wconf 81' lang='lat' dir='ltr'><strong>‘incute-</strong></span> 
     </span>
     <span class='ocr_line' id='line_1_23' title="bbox 185 2665 1137 2750; baseline -0.001 -20"><span class='ocrx_word' id='word_1_144' title='bbox 185 2674 258 2730; x_wconf 91' lang='lat' dir='ltr'><strong>ret:</strong></span> <span class='ocrx_word' id='word_1_145' title='bbox 285 2667 345 2731; x_wconf 90' lang='lat' dir='ltr'><strong>sed</strong></span> <span class='ocrx_word' id='word_1_146' title='bbox 374 2667 499 2750; x_wconf 91' lang='lat' dir='ltr'><strong>culpis,</strong></span> <span class='ocrx_word' id='word_1_147' title='bbox 528 2665 588 2730; x_wconf 93' lang='lat' dir='ltr'><strong>sed</strong></span> <span class='ocrx_word' id='word_1_148' title='bbox 615 2666 727 2750; x_wconf 87' lang='lat' dir='ltr'><strong>culpis</strong></span> <span class='ocrx_word' id='word_1_149' title='bbox 754 2666 882 2730; x_wconf 87' lang='lat' dir='ltr'><strong>nostris</strong></span> <span class='ocrx_word' id='word_1_150' title='bbox 906 2665 1137 2747; x_wconf 82' lang='lat' dir='ltr'><strong>exigentibus,</strong></span> 
     </span>
     <span class='ocr_line' id='line_1_24' title="bbox 187 2765 1136 2848; baseline 0.001 -20"><span class='ocrx_word' id='word_1_151' title='bbox 187 2765 323 2847; x_wconf 79' lang='lat' dir='ltr'><strong>gladius</strong></span> <span class='ocrx_word' id='word_1_152' title='bbox 341 2765 436 2830; x_wconf 89' lang='lat' dir='ltr'><strong>Petri</strong></span> <span class='ocrx_word' id='word_1_153' title='bbox 452 2767 611 2848; x_wconf 83' lang='lat' dir='ltr'><strong>rubigine</strong></span> <span class='ocrx_word' id='word_1_154' title='bbox 627 2765 798 2830; x_wconf 87' lang='lat' dir='ltr'><strong>obductus</strong></span> <span class='ocrx_word' id='word_1_155' title='bbox 815 2772 880 2842; x_wconf 88' lang='lat' dir='ltr'><strong>est,</strong></span> <span class='ocrx_word' id='word_1_156' title='bbox 900 2772 948 2842; x_wconf 91' lang='lat' dir='ltr'><strong>et,</strong></span> <span class='ocrx_word' id='word_1_157' title='bbox 970 2766 1053 2848; x_wconf 90' lang='lat' dir='ltr'><strong>qnia</strong></span> <span class='ocrx_word' id='word_1_158' title='bbox 1067 2785 1136 2829; x_wconf 92' lang='lat' dir='ltr'><strong>non</strong></span> 
     </span>
     <span class='ocr_line' id='line_1_25' title="bbox 186 2858 1137 2948; baseline 0 -20"><span class='ocrx_word' id='word_1_159' title='bbox 186 2872 302 2948; x_wconf 90' lang='lat' dir='ltr'><strong>potest</strong></span> <span class='ocrx_word' id='word_1_160' title='bbox 332 2864 493 2943; x_wconf 88' lang='lat' dir='ltr'><strong>incidere,</strong></span> <span class='ocrx_word' id='word_1_161' title='bbox 523 2865 626 2929; x_wconf 87' lang='lat' dir='ltr'><strong>datus</strong></span> <span class='ocrx_word' id='word_1_162' title='bbox 652 2874 706 2930; x_wconf 88' lang='lat' dir='ltr'><strong>est</strong></span> <span class='ocrx_word' id='word_1_163' title='bbox 734 2864 769 2928; x_wconf 94' lang='lat' dir='ltr'><strong>in</strong></span> <span class='ocrx_word' id='word_1_164' title='bbox 798 2872 1045 2947; x_wconf 86' lang='lat' dir='ltr'><strong>contemptum.</strong></span> <span class='ocrx_word' id='word_1_165' title='bbox 1083 2858 1137 2929; x_wconf 82' lang='lat' dir='ltr'><strong>⁸si</strong></span> 
     </span>
     <span class='ocr_line' id='line_1_26' title="bbox 185 2963 1136 3046; baseline -0.002 -17"><span class='ocrx_word' id='word_1_166' title='bbox 185 2983 303 3046; x_wconf 88' lang='lat' dir='ltr'><strong>capra,</strong></span> <span class='ocrx_word' id='word_1_167' title='bbox 335 2964 366 3028; x_wconf 89' lang='lat' dir='ltr'><strong>si</strong></span> <span class='ocrx_word' id='word_1_168' title='bbox 392 2964 530 3029; x_wconf 86' lang='lat' dir='ltr'><strong>ovicula</strong></span> <span class='ocrx_word' id='word_1_169' title='bbox 554 2964 647 3029; x_wconf 80' lang='lat' dir='ltr'><strong>furto</strong></span> <span class='ocrx_word' id='word_1_170' title='bbox 678 2963 816 3028; x_wconf 88' lang='lat' dir='ltr'><strong>sublata</strong></span> <span class='ocrx_word' id='word_1_171' title='bbox 844 2964 893 3028; x_wconf 91' lang='lat' dir='ltr'><strong>sit</strong></span> <span class='ocrx_word' id='word_1_172' title='bbox 924 2963 980 3027; x_wconf 87' lang='lat' dir='ltr'><strong>vel</strong></span> <span class='ocrx_word' id='word_1_173' title='bbox 1010 2964 1136 3040; x_wconf 87' lang='lat' dir='ltr'><strong>occisa,</strong></span> 
     </span>
     <span class='ocr_line' id='line_1_27' title="bbox 186 3057 1137 3148; baseline 0 -21"><span class='ocrx_word' id='word_1_174' title='bbox 186 3064 222 3127; x_wconf 92' lang='lat' dir='ltr'><strong>in</strong></span> <span class='ocrx_word' id='word_1_175' title='bbox 238 3057 359 3148; x_wconf 77' lang='lat' dir='ltr'><strong>⁰hujus</strong></span> <span class='ocrx_word' id='word_1_176' title='bbox 372 3063 422 3126; x_wconf 88' lang='lat' dir='ltr'><strong>rei</strong></span> <span class='ocrx_word' id='word_1_177' title='bbox 440 3070 604 3140; x_wconf 86' lang='lat' dir='ltr'><strong>actorem,</strong></span> <span class='ocrx_word' id='word_1_178' title='bbox 625 3063 655 3126; x_wconf 89' lang='lat' dir='ltr'><strong>si</strong></span> <span class='ocrx_word' id='word_1_179' title='bbox 672 3062 793 3139; x_wconf 88' lang='lat' dir='ltr'><strong>lateat,</strong></span> <span class='ocrx_word' id='word_1_180' title='bbox 811 3062 984 3126; x_wconf 90' lang='lat' dir='ltr'><strong>sententia</strong></span> <span class='ocrx_word' id='word_1_181' title='bbox 998 3082 1137 3127; x_wconf 88' lang='lat' dir='ltr'><strong>excom·</strong></span> 
     </span>
     <span class='ocr_line' id='line_1_28' title="bbox 186 3162 1136 3240; baseline 0.001 -16"><span class='ocrx_word' id='word_1_182' title='bbox 186 3162 430 3225; x_wconf 90' lang='lat' dir='ltr'><strong>municationis</strong></span> <span class='ocrx_word' id='word_1_183' title='bbox 450 3162 638 3240; x_wconf 83' lang='lat' dir='ltr'><strong>emittitur3</strong></span> <span class='ocrx_word' id='word_1_184' title='bbox 666 3163 845 3226; x_wconf 88' lang='lat' dir='ltr'><strong>convictus</strong></span> <span class='ocrx_word' id='word_1_185' title='bbox 868 3180 950 3225; x_wconf 87' lang='lat' dir='ltr'><strong>vero</strong></span> <span class='ocrx_word' id='word_1_186' title='bbox 974 3168 1036 3223; x_wconf 91' lang='lat' dir='ltr'><strong>aut</strong></span> <span class='ocrx_word' id='word_1_187' title='bbox 1057 3181 1136 3225; x_wconf 89' lang='lat' dir='ltr'><strong>con·</strong></span> 
     </span>
     <span class='ocr_line' id='line_1_29' title="bbox 187 3254 1137 3343; baseline 0 -19"><span class='ocrx_word' id='word_1_188' title='bbox 187 3261 300 3324; x_wconf 85' lang='lat' dir='ltr'><strong>fessus</strong></span> <span class='ocrx_word' id='word_1_189' title='bbox 316 3254 517 3323; x_wconf 84' lang='lat' dir='ltr'><strong>¹⁰surcarum</strong></span> <span class='ocrx_word' id='word_1_190' title='bbox 530 3260 686 3343; x_wconf 88' lang='lat' dir='ltr'><strong>patibulo</strong></span> <span class='ocrx_word' id='word_1_191' title='bbox 702 3259 900 3341; x_wconf 86' lang='lat' dir='ltr'><strong>deputatur.</strong></span> <span class='ocrx_word' id='word_1_192' title='bbox 941 3258 1052 3323; x_wconf 89' lang='lat' dir='ltr'><strong>Porro</strong></span> <span class='ocrx_word' id='word_1_193' title='bbox 1068 3260 1137 3324; x_wconf 90' lang='lat' dir='ltr'><strong>cle·</strong></span> 
     </span>
     <span class='ocr_line' id='line_1_30' title="bbox 186 3357 1137 3441; baseline -0.003 -17"><span class='ocrx_word' id='word_1_194' title='bbox 186 3360 249 3424; x_wconf 88' lang='lat' dir='ltr'><strong>rici</strong></span> <span class='ocrx_word' id='word_1_195' title='bbox 280 3359 336 3423; x_wconf 86' lang='lat' dir='ltr'><strong>vel</strong></span> <span class='ocrx_word' id='word_1_196' title='bbox 364 3360 517 3441; x_wconf 87' lang='lat' dir='ltr'><strong>episcopi</strong></span> <span class='ocrx_word' id='word_1_197' title='bbox 551 3359 721 3425; x_wconf 91' lang='lat' dir='ltr'><strong>occisores</strong></span> <span class='ocrx_word' id='word_1_198' title='bbox 756 3358 905 3423; x_wconf 87' lang='lat' dir='ltr'><strong>Romam</strong></span> <span class='ocrx_word' id='word_1_199' title='bbox 941 3357 1137 3437; x_wconf 89' lang='lat' dir='ltr'><strong>mittuntur,</strong></span> 
     </span>
     <span class='ocr_line' id='line_1_31' title="bbox 186 3456 1138 3542; baseline -0.002 -18"><span class='ocrx_word' id='word_1_200' title='bbox 186 3467 378 3542; x_wconf 89' lang='lat' dir='ltr'><strong>euntesque</strong></span> <span class='ocrx_word' id='word_1_201' title='bbox 392 3459 429 3522; x_wconf 89' lang='lat' dir='ltr'><strong>in</strong></span> <span class='ocrx_word' id='word_1_202' title='bbox 445 3457 588 3534; x_wconf 90' lang='lat' dir='ltr'><strong>deliciis,</strong></span> <span class='ocrx_word' id='word_1_203' title='bbox 608 3477 686 3522; x_wconf 92' lang='lat' dir='ltr'><strong>cum</strong></span> <span class='ocrx_word' id='word_1_204' title='bbox 705 3457 917 3540; x_wconf 88' lang='lat' dir='ltr'><strong>plenitudine</strong></span> <span class='ocrx_word' id='word_1_205' title='bbox 937 3456 1138 3540; x_wconf 86' lang='lat' dir='ltr'><strong>apostolicae</strong></span> 
     </span>
     <span class='ocr_line' id='line_1_32' title="bbox 185 3556 1138 3641; baseline -0.007 -19"><span class='ocrx_word' id='word_1_206' title='bbox 185 3559 321 3641; x_wconf 82' lang='lat' dir='ltr'><strong>gratiae,</strong></span> <span class='ocrx_word' id='word_1_207' title='bbox 351 3564 387 3622; x_wconf 90' lang='lat' dir='ltr'><strong>et</strong></span> <span class='ocrx_word' id='word_1_208' title='bbox 419 3558 550 3641; x_wconf 88' lang='lat' dir='ltr'><strong>majore</strong></span> <span class='ocrx_word' id='word_1_209' title='bbox 580 3556 800 3638; x_wconf 88' lang='lat' dir='ltr'><strong>delinquendi</strong></span> <span class='ocrx_word' id='word_1_210' title='bbox 833 3557 991 3636; x_wconf 88' lang='lat' dir='ltr'><strong>audacia,</strong></span> <span class='ocrx_word' id='word_1_211' title='bbox 1024 3577 1138 3622; x_wconf 89' lang='lat' dir='ltr'><strong>rever.</strong></span> 
     </span>
     <span class='ocr_line' id='line_1_33' title="bbox 185 3656 1137 3723; baseline -0.001 -1"><span class='ocrx_word' id='word_1_212' title='bbox 185 3665 316 3723; x_wconf 91' lang='lat' dir='ltr'><strong>tuntur.</strong></span> <span class='ocrx_word' id='word_1_213' title='bbox 368 3657 507 3721; x_wconf 83' lang='lat' dir='ltr'><strong>Talium</strong></span> <span class='ocrx_word' id='word_1_214' title='bbox 534 3656 721 3721; x_wconf 86' lang='lat' dir='ltr'><strong>vindictam</strong></span> <span class='ocrx_word' id='word_1_215' title='bbox 746 3674 952 3721; x_wconf 87' lang='lat' dir='ltr'><strong>excessuum</strong></span> <span class='ocrx_word' id='word_1_216' title='bbox 977 3657 1137 3722; x_wconf 91' lang='lat' dir='ltr'><strong>dominus</strong></span> 
     </span>
    </p>
   </div>
   <div class='ocr_carea' id='block_1_3' title="bbox 219 3909 1140 4249">
    <p class='ocr_par' dir='ltr' id='par_1_3' title="bbox 221 3909 868 3975">
     <span class='ocr_line' id='line_1_34' title="bbox 221 3909 868 3975; baseline -0.005 -10"><span class='ocrx_word' id='word_1_217' title='bbox 221 3914 229 3946; x_wconf 94' lang='lat'>¹</span> <span class='ocrx_word' id='word_1_218' title='bbox 248 3915 401 3965; x_wconf 80' lang='lat' dir='ltr'><strong>‘adducitur</strong></span> <span class='ocrx_word' id='word_1_219' title='bbox 412 3909 426 3975; x_wconf 87' lang='lat'><strong>;’</strong></span> <span class='ocrx_word' id='word_1_220' title='bbox 438 3914 477 3965; x_wconf 83' lang='lat' dir='ltr'><strong>M.</strong></span> <span class='ocrx_word' id='word_1_221' title='bbox 707 3909 791 3963; x_wconf 71' lang='lat' dir='ltr'><strong>‘Zac</strong></span> <span class='ocrx_word' id='word_1_222' title='bbox 803 3914 831 3964; x_wconf 91' lang='lat' dir='ltr'><strong>ii.</strong></span> <span class='ocrx_word' id='word_1_223' title='bbox 844 3919 868 3962; x_wconf 85' lang='grc'><strong>8.</strong></span> 
     </span>
    </p>

    <p class='ocr_par' dir='ltr' id='par_1_4' title="bbox 221 3978 892 4048">
     <span class='ocr_line' id='line_1_35' title="bbox 221 3978 892 4048; baseline -0.001 -14"><span class='ocrx_word' id='word_1_224' title='bbox 221 3984 231 4014; x_wconf 87' lang='lat'><strong>¹</strong></span> <span class='ocrx_word' id='word_1_225' title='bbox 247 3985 374 4034; x_wconf 87' lang='lat' dir='ltr'><strong>‘ecclesia</strong></span> <span class='ocrx_word' id='word_1_226' title='bbox 382 3980 398 4044; x_wconf 86' lang='lat'><strong>;’</strong></span> <span class='ocrx_word' id='word_1_227' title='bbox 415 3990 459 4032; x_wconf 88' lang='lat' dir='ltr'><strong>not</strong></span> <span class='ocrx_word' id='word_1_228' title='bbox 468 3984 495 4032; x_wconf 88' lang='lat' dir='ltr'><strong>in</strong></span> <span class='ocrx_word' id='word_1_229' title='bbox 508 3985 568 4035; x_wconf 84' lang='lat' dir='ltr'><strong>Cod.</strong></span> <span class='ocrx_word' id='word_1_230' title='bbox 583 3983 647 4048; x_wconf 73' lang='lat' dir='ltr'><strong>Reg.</strong></span> <span class='ocrx_word' id='word_1_231' title='bbox 706 3978 717 4010; x_wconf 86' lang='lat'>⁷</span> <span class='ocrx_word' id='word_1_232' title='bbox 732 3983 778 4033; x_wconf 87' lang='lat' dir='ltr'><strong>Ps.</strong></span> <span class='ocrx_word' id='word_1_233' title='bbox 789 3983 839 4033; x_wconf 84' lang='lat' dir='ltr'><strong>civ.</strong></span> <span class='ocrx_word' id='word_1_234' title='bbox 852 3987 892 4033; x_wconf 81' lang='lat'><strong>1⁵.</strong></span> 
     </span>
    </p>

    <p class='ocr_par' dir='ltr' id='par_1_5' title="bbox 219 4048 1063 4116">
     <span class='ocr_line' id='line_1_36' title="bbox 219 4048 1063 4116; baseline -0.002 -14"><span class='ocrx_word' id='word_1_235' title='bbox 219 4049 393 4116; x_wconf 72' lang='lat' dir='ltr'><strong>⁸‘requirit3’</strong></span> <span class='ocrx_word' id='word_1_236' title='bbox 410 4049 478 4104; x_wconf 73' lang='grc' dir='ltr'><strong>ΠΛ.</strong></span> <span class='ocrx_word' id='word_1_237' title='bbox 708 4048 873 4115; x_wconf 80' lang='lat' dir='ltr'><strong>&#39;‘Sicapra’</strong></span> <span class='ocrx_word' id='word_1_238' title='bbox 885 4052 1003 4102; x_wconf 74' lang='lat' dir='ltr'><strong>mirem</strong></span> <span class='ocrx_word' id='word_1_239' title='bbox 1015 4050 1063 4100; x_wconf 78' lang='lat' dir='ltr'><strong>Ar.</strong></span> 
     </span>
    </p>

    <p class='ocr_par' dir='ltr' id='par_1_6' title="bbox 220 4114 1140 4249">
     <span class='ocr_line' id='line_1_37' title="bbox 220 4114 1140 4183; baseline -0.005 -11"><span class='ocrx_word' id='word_1_240' title='bbox 220 4123 232 4155; x_wconf 81' lang='lat'><strong>⁴</strong></span> <span class='ocrx_word' id='word_1_241' title='bbox 249 4123 331 4172; x_wconf 82' lang='lat' dir='ltr'><strong>Exod.</strong></span> <span class='ocrx_word' id='word_1_242' title='bbox 343 4124 407 4172; x_wconf 84' lang='lat' dir='ltr'><strong>xxii.</strong></span> <span class='ocrx_word' id='word_1_243' title='bbox 420 4127 460 4173; x_wconf 83' lang='lat' dir='ltr'><strong>le.</strong></span> <span class='ocrx_word' id='word_1_244' title='bbox 707 4116 891 4183; x_wconf 65' lang='lat' dir='ltr'><strong>”hujusmodi</strong></span> <span class='ocrx_word' id='word_1_245' title='bbox 899 4114 1090 4179; x_wconf 71' lang='lat' dir='ltr'><strong>reinuctorem5’</strong></span> <span class='ocrx_word' id='word_1_246' title='bbox 1102 4120 1140 4168; x_wconf 81' lang='lat' dir='ltr'><strong>M.</strong></span> 
     </span>
     <span class='ocr_line' id='line_1_38' title="bbox 221 4185 946 4249; baseline -0.003 -8"><span class='ocrx_word' id='word_1_247' title='bbox 221 4192 231 4222; x_wconf 79' lang='lat'>⁸</span> <span class='ocrx_word' id='word_1_248' title='bbox 250 4198 262 4241; x_wconf 96' lang='lat' dir='ltr'><strong>l</strong></span> <span class='ocrx_word' id='word_1_249' title='bbox 275 4194 334 4243; x_wconf 89' lang='lat' dir='ltr'><strong>Pet.</strong></span> <span class='ocrx_word' id='word_1_250' title='bbox 346 4193 375 4241; x_wconf 87' lang='lat' dir='ltr'><strong>il.</strong></span> <span class='ocrx_word' id='word_1_251' title='bbox 387 4196 427 4242; x_wconf 79' lang='lat' dir='ltr'><strong>ll.</strong></span> <span class='ocrx_word' id='word_1_252' title='bbox 699 4186 718 4218; x_wconf 85' lang='lat'><strong>¹⁰</strong></span> <span class='ocrx_word' id='word_1_253' title='bbox 728 4189 736 4217; x_wconf 92' lang='lat'>‘</span> <span class='ocrx_word' id='word_1_254' title='bbox 745 4189 839 4239; x_wconf 68' lang='lat' dir='ltr'><strong>furtum</strong></span> <span class='ocrx_word' id='word_1_255' title='bbox 849 4185 865 4249; x_wconf 87' lang='lat'><strong>;’</strong></span> <span class='ocrx_word' id='word_1_256' title='bbox 878 4190 946 4239; x_wconf 78' lang='lat' dir='ltr'><em>D’A.</em></span> 
     </span>
    </p>
   </div>
   <div class='ocr_carea' id='block_1_4' title="bbox 0 0 1480 4950">
    <p class='ocr_par' dir='ltr' id='par_1_7' title="bbox 0 0 1480 4950">
     <span class='ocr_line' id='line_1_39' title="bbox 0 0 1480 4950; baseline 0 0"><span class='ocrx_word' id='word_1_257' title='bbox 0 0 1480 4950; x_wconf 95' lang='lat' dir='ltr'><strong> </strong></span> 
     </span>
    </p>
   </div>
  </div>
 </body>
</html>
