2940 4950
517 436 701 484 anninus.
1034 420 1079 484 49

122 590 289 655 custodiis
309 592 444 655 comitis
464 590 705 671 Ebroicensis3
737 602 880 676 propter
905 593 996 676 quod
1020 613 1077 658 ac·

122 698 233 772 ceptae
250 698 476 772 sunttreugae
497 692 587 755 inter
607 712 719 774 reges,
742 712 763 756 a
785 713 902 757 mense
928 693 1075 757 Decem·

123 790 176 853 bri
195 809 304 872 nsque
321 790 364 853 ad
380 790 506 855 festum
520 790 704 856 Trinitatis
723 792 806 855 anni
821 794 1009 876 sequentis,

138 1020 268 1058 nuuc.
339 1023 576 1060 auomuonuur.
703 1024 857 1060 raiuconuu
909 1025 1048 1062 arcionum

905 1110 1055 1148 nauricru.

385 1202 391 1214 .
568 1201 575 1215 .
605 1203 611 1216 .
755 1171 796 1216 2³.
984 1203 990 1217 .

171 1295 303 1359 Mnusn
320 1295 417 1360 Maio
439 1296 626 1361 reformata
647 1303 701 1361 est
722 1317 792 1379 pax
815 1299 906 1360 inter
925 1298 1073 1362 Lodovi-
1086 1319 1236 1360 nooman.

58 1457 62 1464 .
121 1415 198 1459 cum
225 1395 438 1460 Francorum
466 1404 501 1461 et
522 1397 712 1460 Henricum
737 1395 931 1478 Anglorum
960 1416 1072 1479 reges,
1085 1369 1204 1410 hm

118 1494 286 1560 revolutis
301 1497 471 1578 prioribus
495 1496 606 1578 pactis
623 1505 658 1560 et
673 1496 895 1573 confirmatis,
914 1496 1072 1580 pacifica-

118 1596 233 1678 tisque
256 1596 315 1679 qui
342 1604 566 1680 utrorumque
589 1604 706 1678 partes
734 1589 742 1627 ¹
744 1597 924 1680 juverunt.
975 1594 1070 1661 Mat·

118 1694 242 1771 thaeus,
260 1695 351 1759 filius
368 1696 504 1760 comitis
521 1696 707 1772 Flandriae,
723 1697 880 1760 inaudito
897 1696 1069 1777 exemplo,

117 1794 219 1857 duxit
234 1795 444 1860 abbatissam
466 1797 509 1860 de
528 1789 755 1879 ²Romeseya,
779 1795 884 1859 filiam
902 1794 1068 1876 Stephani

118 1893 292 1975 quondam
314 1896 405 1977 regis
429 1894 636 1976 Anglorum,
661 1903 794 1959 etcum
816 1914 858 1958 ea
886 1894 1069 1958 Bolonien-

117 2011 189 2056 sem
204 1992 326 2056 habuit
342 1994 555 2057 comitatum.
593 1994 715 2058 Mense
728 1989 769 2058 Ἰ
772 1994 855 2070 unii,
873 1992 1068 2057 Lodovicus

117 2090 327 2154 coadunavit
344 2090 508 2173 praelatos
531 2091 689 2156 Franciae
713 2093 867 2170 Belvaci,
886 2100 921 2155 et
938 2093 1068 2156 Henri-

118 2208 180 2251 cus
205 2187 399 2270 Anglornm
429 2208 491 2252 rex
521 2189 685 2271 praelatos
717 2191 943 2254 Normanniee
976 2191 1066 2273 apud

120 2287 260 2351 Novum
272 2287 481 2363 Mercatum,
496 2280 696 2351 *tractaturi
710 2288 752 2350 de
761 2288 956 2370 receptione
967 2308 1068 2370 papae

116 2385 322 2462 Alexandri,
340 2394 374 2450 et
392 2385 601 2451 refutatione
618 2385 791 2466 Victoris3
821 2393 868 2465 et,
885 2389 1068 2469 reprobato

117 2485 273 2563 Victore,
304 2495 552 2552 consenserunt
579 2506 698 2550 omnes
727 2486 936 2551 unanimiter
960 2485 1067 2550 Alex-

116 2585 236 2649 andro.
304 2585 447 2649 Mortua
485 2584 692 2649 Constantia
734 2585 854 2668 regina
897 2586 1065 2664 Franciae,

116 2684 313 2749 Lodovicns
345 2704 407 2748 rex
440 2685 543 2748 duxit
575 2684 680 2749 filiam
719 2685 854 2750 comitis
888 2685 1064 2749 Blesensis

116 2783 328 2864 Theobaldi;
362 2803 424 2848 nec
452 2778 616 2848 ⁵multum
650 2792 730 2867 post
757 2785 944 2862 Henricus,
972 2784 1063 2848 filins

115 2885 207 2966 regis
224 2881 375 2966 Angliae,
399 2884 636 2965 Margaretam
656 2885 749 2966 regis
773 2884 931 2948 Franciae
957 2883 1062 2947 filiam

113 2984 347 3067 desponsavit.
387 2982 581 3065 Statimque
600 2983 774 3048 Henricus
791 3003 852 3047 rex
869 2981 1064 3063 Anglorum

114 3083 182 3146 tria
219 3082 363 3146 castella
394 3075 729 3160 ⁶communitissima,
767 3082 898 3146 scilicet
927 3072 1064 3147 ⁷Gisor-

48 3202 58 3231 κ
116 3181 215 3257 tium,
237 3180 421 3257 Neafilam,
449 3189 484 3244 et
509 3181 650 3245 Novum
681 3182 843 3245 Castrum
867 3182 936 3245 sita
959 3201 1064 3263 super

116 3273 233 3344 Etam⁸
256 3278 412 3357 fluvium,
433 3281 470 3343 in
492 3281 641 3345 confinio
664 3280 888 3344 Normanniee
904 3287 940 3342 et
957 3279 1063 3343 Fran·

113 3380 190 3456 ciae,
210 3379 403 3463 occupavit.
456 3378 668 3460 Pepigerant
682 3379 771 3442 enirn
794 3380 884 3442 inter
897 3397 935 3440 se
953 3398 1063 3459 reges,

112 3480 220 3562 quod,
235 3479 303 3543 isto
319 3478 537 3542 matrimonio
549 3486 799 3555 consummato,
813 3477 988 3541 Henricus
1002 3497 1064 3541 rex

113 3579 192 3643 illas
216 3579 422 3644 munitiones
445 3578 600 3655 haberet,
625 3597 713 3660 quas
738 3584 874 3642 constat
895 3576 940 3640 ad
957 3577 1064 3642 duca·

152 3782 160 3812 ¹
177 3786 312 3847 ‘juverant
322 3784 339 3847 ;’
350 3780 418 3834 ΠΛ.
636 3784 647 3814 ³
662 3787 671 3815 ‘
683 3788 762 3837 multo
771 3783 785 3849 ;'
798 3787 866 3838 D'A.

150 3851 162 3884 ²
177 3856 317 3903 ‘Roemia
326 3850 340 3914 ὅ,
353 3850 435 3904 Μῦ
453 3856 576 3905 ‘R0mffl‘
637 3880 648 3911 ⁰
663 3883 671 3910 ‘
683 3876 872 3941 munitissima?
890 3882 927 3930 M.
936 3885 960 3930 et
971 3880 1019 3932 Ar.

113 3920 194 4008 fiesti'
220 3925 280 4006 ως
294 3926 358 3986 ⁸³3·
401 3921 576 3988 ‘amma’
636 3972 828 4026 ⁷‘Gisoroium
850 3974 1011 4025 Neaffiinm·'
1025 3975 1064 4022 M·

114 3994 367 4044 indietextrsirom
379 3995 418 4042 M.
831 4011 839 4037 '
994 4012 1001 4036 ’

152 4061 163 4094 a
177 4065 184 4091 ι
192 4064 257 4113 Juffi
267 4059 281 4124 3»
294 4064 336 4112 the
349 4063 478 4126 following
490 4064 576 4114 elme
602 4045 702 4106 Gisors,
715 4047 816 4106 Neufle,
826 4045 876 4094 and
890 4042 1055 4094 Nenichitel.

114 4130 367 4183 isomittedinD’A.
637 4126 804 4189 ⁸‘Ectam5’
834 4130 873 4177 M.
927 4128 995 4176 Now
1024 4127 1066 4175 the

151 4201 162 4231 ⁴
177 4204 185 4231 ‘
197 4207 348 4253 tractaturos
360 4199 373 4264 ;'
386 4199 454 4252 ΠΛ.
604 4201 679 4262 Epte.

896 4287 916 4331 R
