2948 4942
408 435 474 500 408
758 452 831 499 ruo.
855 449 1002 497 rarvn‘rr

411 610 498 693 ejus,
515 627 629 673 comes
651 608 694 672 de
719 608 784 685 Fis,
804 608 847 672 ad
866 627 966 690 quem
990 607 1033 670 de
1051 606 1131 689 jura
1154 605 1364 670 hereditario

410 709 591 792 spectabat
622 708 686 772 hoc
715 707 875 784 officium,
907 715 989 771 tunc
1020 707 1145 769 absens
1172 705 1208 768 in
1232 704 1365 786 Anglia

249 827 400 867 rismum·
412 809 622 872 morabatur.
704 808 809 870 Hanc
847 813 963 870 autem
1000 805 1211 869 comitissam
1243 804 1392 883 eodem,

248 876 396 966 soffia
412 926 503 971 anno
526 908 569 971 ab
586 907 746 989 Anglicis
765 914 916 988 captam,
933 924 1010 968 cnm
1034 905 1174 986 quidam
1196 904 1365 987 perimere

249 927 280 966 lm

249 938 616 1084 liga‘lllbvoluissent,
642 1027 710 1071 non
735 1005 890 1088 permisit
907 1023 988 1085 rex3
1012 1003 1071 1067 sed
1097 1004 1132 1067 in
1154 1002 1365 1067 domuncula

251 1076 328 1117 Μ’
412 1106 560 1190 quadam
595 1106 712 1187 lignea
745 1123 849 1187 super
887 1122 1022 1166 murum
1054 1102 1161 1165 castri
1195 1101 1365 1166 Berewici

411 1207 527 1289 posita
548 1212 613 1282 est,
636 1212 674 1270 ut
700 1209 842 1287 possent
868 1222 943 1266 eam
974 1208 1195 1266 transeuntes
1224 1200 1364 1283 conspi-

412 1299 512 1371 cere.¹

462 1399 560 1470 'Rex
579 1405 729 1486 Angliae,
744 1424 822 1468 cum
835 1404 908 1488 jam
931 1402 1013 1468 ludo
1031 1421 1093 1485 per
1110 1401 1253 1484 riparias
1270 1400 1363 1464 Dor·

413 1505 510 1570 setiae
539 1512 573 1570 et
598 1505 782 1570 comitatus
813 1502 1038 1586 Hamptoniae
1072 1522 1110 1565 se
1140 1499 1365 1577 exercuisset,

412 1605 564 1669 instante
600 1604 902 1684 Quadragesimali
944 1611 1107 1683 tempore,
1147 1600 1183 1663 in
1222 1599 1365 1663 civitate

413 1702 603 1766 Wintoniae
628 1722 666 1766 se
692 1703 831 1786 recepit.
886 1701 955 1765 Ubi
977 1700 1059 1763 dum
1080 1698 1205 1783 jejunii
1228 1707 1365 1781 tempus

413 1801 656 1884 transfugeret,
682 1809 794 1866 certos
815 1801 944 1883 recapit
968 1818 1122 1862 rumores
1144 1797 1187 1861 de
1212 1798 1267 1873 iis,
1285 1816 1364 1879 qna·

413 1908 512 1981 gesta
537 1895 618 1964 snnt
634 1902 670 1965 in
694 1900 824 1976 Scotia,
842 1901 879 1963 in
900 1897 1140 1982 praejudicium
1162 1915 1235 1961 suae
1258 1897 1365 1977 regiae

251 2016 358 2066 menn«
412 1999 618 2083 majestatis.
670 1999 808 2064 Vocato
832 1999 939 2081 igitur
956 1996 1028 2061 filio
1050 2016 1114 2062 suo
1132 1995 1306 2060 Edwardo
1329 1996 1365 2060 in

250 2067 361 2156 ῗῖἶῗῖιι
414 2098 585 2164 Paschale
610 2118 769 2181 sequens,
796 2118 836 2163 ac
863 2097 1052 2180 majoribus
1073 2095 1225 2178 Angliae,
1252 2103 1365 2159 terras

250 2166 396 2259 ssiysil'lia.
413 2196 593 2264 Vascones
615 2198 723 2262 eidem
746 2218 792 2262 ax
813 2198 950 2279 integro
973 2195 1126 2260 contulit
1141 2203 1177 2258 et
1198 2194 1364 2268 donavit;

412 2298 635 2381 praeconizari
654 2298 758 2361 etiam
779 2297 999 2361 nihilominus
1016 2295 1106 2372 fecit,
1123 2293 1216 2376 quod
1233 2313 1367 2372 omnes,

414 2398 570 2462 volentes
600 2415 670 2460 nna
696 2416 774 2460 cnm
804 2396 875 2460 filio
905 2415 969 2459 suo
1001 2393 1182 2458 militarem
1211 2393 1366 2476 recipere

414 2496 578 2574 ordinem,
593 2497 757 2578 impensis
774 2496 933 2578 propriis,
949 2495 983 2557 in
1000 2494 1157 2558 omnibus
1173 2493 1366 2557 exhiberet.

252 2611 367 2701 pennam
414 2594 502 2660 Post
518 2595 655 2660 Pascha
672 2596 781 2660 movit
798 2615 835 2659 se
853 2614 913 2658 rex
933 2612 1053 2657 versus
1071 2593 1271 2657 Londonias
1289 2612 1367 2656 cur·

252 2671 379 2757 ‘illiti‘
414 2696 566 2771 filando,
593 2696 675 2778 quia
705 2696 748 2759 ab
774 2694 1020 2769 infirmitatem,
1046 2711 1148 2774 quam
1180 2692 1303 2755 habuit
1330 2692 1366 2755 in

414 2794 519 2870 tibiis,
537 2814 605 2858 non
622 2795 735 2877 potnit
752 2794 917 2876 equitare.
971 2792 1013 2855 In
1031 2792 1118 2856 festo
1141 2790 1249 2873 igitur
1273 2791 1366 2856 Pen-

414 2900 563 2956 tecostes
580 2913 642 2956 rex
659 2892 765 2954 lilium
783 2912 881 2957 snum
899 2891 1003 2956 armis
1020 2891 1226 2955 militaribus
1241 2891 1367 2968 cinxit,

413 2998 449 3053 et
485 3011 562 3053 cnm
607 3012 648 3055 eo
680 2993 823 3056 comites
856 2991 1053 3056 Warenniae
1087 2998 1123 3054 et
1152 2990 1366 3068 Arundeliae‚

414 3090 581 3174 aliosque,
598 3111 742 3174 quorum
770 3111 931 3156 numerus
962 3091 1128 3154 ducentos
1155 3099 1189 3154 et
1215 3091 1367 3172 quadra-

336 3221 344 3235 ·
414 3191 512 3270 ginta
534 3192 659 3256 dicitur
676 3192 876 3255 excessisse.
931 3191 1061 3254 Eodem
1080 3190 1135 3253 die
1157 3209 1234 3253 cum
1259 3189 1367 3253 sedis-

414 3299 467 3355 set
490 3312 552 3355 rex
579 3293 616 3356 in
644 3309 773 3365 mensa,
803 3291 901 3354 novis
927 3290 1093 3353 militibus
1119 3289 1367 3367 circumdatus,

415 3392 569 3472 ingressa
600 3388 892 3453 menestrellorum
926 3388 1122 3463 multitude,
1152 3390 1366 3471 portantium

414 3489 594 3571 multiplici
622 3496 743 3552 ornatu
772 3489 947 3564 amictum,
974 3496 1013 3551 nt
1038 3486 1164 3551 milites
1189 3489 1366 3570 praecipue

414 3607 522 3650 novos
562 3589 750 3652 invitarent
789 3596 824 3651 et
854 3587 1058 3651 inducerent
1093 3587 1136 3649 ad
1170 3588 1366 3651 vovendum

250 3704 349 3742 mareu
411 3686 539 3749 sactum
556 3706 727 3750 armornm
746 3686 885 3770 aliquod
904 3706 1018 3750 coram
1039 3686 1150 3766 signo.
1202 3686 1314 3751 Vovit
1332 3695 1368 3750 et

251 3763 296 3792 vos
307 3754 331 3791 os

248 3813 370 3898 iiiiniim
411 3785 577 3866 imprimis
602 3805 663 3848 rex
698 3786 783 3867 ipse,
811 3786 902 3868 quod
933 3787 1118 3849 vindictam
1148 3786 1295 3866 accipiet
1323 3785 1367 3849 de

248 3902 323 3947 ames.
410 3893 609 3967 contemptu
632 3884 730 3948 illato
757 3885 837 3948 Dso
859 3894 894 3949 et
912 3886 1064 3950 ecclesiae
1089 3903 1151 3967 per
1171 3883 1366 3948 Robertum

445 4086 451 4114 ¹
467 4089 511 4135 ‘in
531 4088 636 4147 tristega
656 4088 741 4148 lignea
765 4089 824 4147 lixa,
843 4093 872 4135 ut
933 4084 943 4112 ²
959 4086 1013 4133 Tho
1028 4083 1112 4133 wbolc
1128 4084 1157 4132 os
1172 4084 1214 4132 the
1235 4084 1368 4150 following

409 4159 445 4205 sic
457 4173 473 4206 a
483 4157 671 4205 transeuntibus
687 4157 768 4205 videri
786 4162 872 4217 posset
896 4155 1050 4217 paragraph,
1062 4160 1088 4202 to
1109 4155 1276 4204 ‘Edwardus
1296 4158 1366 4206 filius

408 4231 433 4274 et
446 4227 563 4288 cognosci
573 4220 590 4284 ς’
604 4226 678 4277 ilem.
690 4231 748 4277 221.
882 4227 963 4290 ,regis
974 4220 1094 4287 Angliaef
1107 4228 1128 4274 is
1140 4224 1203 4274 from
1217 4227 1278 4274 God.
1288 4227 1328 4277 M.
