2940 4950
514 484 696 533 auulsas.
1011 470 1077 536 279

119 648 238 721 posset
254 658 277 703 a
301 658 508 722 quocunque
529 640 692 721 episcopo
709 639 881 704 catholico
904 660 1005 722 quem
1029 643 1073 706 ad

119 737 184 802 hoc
216 739 354 803 duxerit
383 738 591 820 eligendum.
645 739 761 820 Elegit
788 747 904 803 autem
936 740 1072 805 Willel·

119 857 213 901 mum
242 838 523 915 Bathoniensem,
553 839 613 920 qui
642 839 733 902 sama
761 840 957 903 sanctitatis
984 842 1074 905 inter

115 946 250 1002 ceteros
268 938 451 1020 plurimum
468 938 665 1002 efflorebat:
693 957 715 1001 a
735 958 817 1021 quo,
844 942 1071 1020 praesentibus

116 1037 274 1101 undecim
297 1038 538 1120 suffraganeis,
569 1038 749 1103 [lominica
777 1039 887 1120 prima
910 1039 1071 1118 Quadra·

115 1137 259 1217 gcsimae
275 1136 474 1202 cantuariae
492 1146 725 1202 consecratur.

167 1236 340 1301 Ricardus
355 1257 418 1301 rex
433 1237 682 1313 Romanorum,
694 1237 801 1300 frater
813 1239 905 1319 regis
916 1237 1071 1319 Angliae,
1085 1257 1153 1297 caen
1163 1259 1186 1297 οι

113 1344 242 1417 quarto
274 1356 383 1401 nonas
419 1336 549 1420 Aprilis
579 1336 670 1418 apud
695 1343 846 1400 castrum
875 1337 918 1401 de
944 1332 1068 1402 ¹Berk·
1083 1308 1210 1406 ῧῗὲἶῗᾰιὶιο

1085 1407 1185 1448 nomon.

115 1434 294 1501 hamstede
326 1438 417 1500 viam
451 1437 620 1500 universae
647 1437 760 1500 carnis
786 1437 963 1518 ingressus
992 1447 1170 1517 estuans.

116 1534 219 1619 cujus
238 1555 298 1599 cor
319 1536 354 1600 in
376 1536 523 1601 ecclesia
543 1535 687 1600 fratrum
708 1536 881 1600 Minorum
910 1537 1069 1615 Osoniae,

114 1653 242 1717 corpus
269 1655 350 1699 vero
385 1637 419 1700 in
457 1636 603 1700 ecclesia
641 1635 886 1700 monachorum
921 1629 1069 1702 'ordinis

115 1733 357 1799 (listerciensis
371 1736 414 1800 de
431 1734 580 1818 Hayles,
597 1754 700 1818 quam
718 1737 791 1818 ipse
808 1737 972 1819 impensis
988 1758 1069 1820 pro-

113 1833 199 1917 priis
215 1842 470 1913 construxerat,
486 1835 662 1918 sepelitur.
697 1836 826 1901 Eodem
843 1855 934 1901 anno
951 1856 1067 1902 mense
1081 1854 1179 1894 Norden

114 1930 268 2016 Augusti
287 1936 381 1999 cives
399 1934 656 2012 Norwicenses,
678 1936 866 2017 prioratum
885 1937 1067 2002 monacho·
1080 1905 1187 1994 iiiiii*

114 2052 190 2097 rum
218 2034 433 2112 invadentes,
457 2036 718 2100 combusserunt
744 2036 924 2099 ecclesiam
951 2036 1068 2101 cathe-

111 2132 256 2198 dralem.
307 2134 501 2218 Superque
520 2155 556 2198 re
577 2134 777 2216 indignatus
798 2135 981 2199 admodum
1004 2157 1066 2200 rex

114 2231 303 2310 HenricnS,
320 2234 364 2298 ad
381 2235 570 2299 vindictam
589 2234 848 2298 malefactorum
873 2235 965 2298 misit
983 2235 1066 2299 illuc

107 2332 336 2416 justitiarium
353 2335 495 2399 militem
513 2335 696 2417 quendam,
714 2334 881 2397 Thumam
897 2329 1173 2398 ³Trevethr110mu

1117 2407 1159 2448 vet,

112 2430 257 2511 dictum,
290 2434 349 2516 qui
386 2444 421 2498 et
454 2434 666 2517 justitiarius
704 2434 836 2497 itineris
873 2435 986 2499 fuerat
1024 2401 1217 2541 deffhgpuor·

112 2550 255 2609 corona,
284 2533 384 2617 cujus
413 2534 505 2598 filius
534 2542 609 2598 erat
640 2534 700 2616 qui
737 2533 932 2598 chronicam
963 2535 1064 2598 istam

110 2632 264 2715 scripsit.
317 2634 471 2715 Urgente
494 2642 608 2698 autem
632 2632 795 2698 mandato
817 2636 924 2716 regio,
951 2634 1067 2698 horro-

111 2750 219 2815 reque
247 2732 422 2811 sacinoris,
453 2752 580 2815 magna
611 2734 795 2798 multitudo
820 2736 959 2811 civium,
984 2753 1066 2797 con-

114 2831 209 2897 victa
224 2831 268 2896 de
285 2833 415 2898 scelere
436 2842 546 2911 tanto,
569 2834 613 2896 ad
635 2834 763 2898 caudas
780 2854 945 2916 equorum
964 2836 1066 2899 tracti

112 2931 300 3015 suspendio
314 2926 558 3015 ⁴perimuntur.

165 3030 339 3096 Hem-icus
357 3031 548 3115 Anglorum
574 3054 636 3096 rex
661 3053 779 3097 mense
799 3033 988 3098 Novembri
1013 3034 1065 3097 in·
1079 3052 1181 3091 mernor

1040 3134 1047 3146 .
1078 3103 1159 3151 Henry.

111 3129 275 3195 firmitate
290 3141 480 3215 correptuS,
503 3134 538 3196 in
561 3134 616 3196 die
638 3135 750 3197 sancti
769 3133 1184 3214 Eadmundi,ep1-u0v.1e;

1078 3203 1120 3241 and
1129 3202 1203 3249 burlal,

110 3231 208 3313 scopi
233 3238 269 3295 et
290 3232 509 3310 confessoris,
528 3234 562 3296 in
588 3233 739 3297 Domino
762 3232 979 3296 obdormivit.
1024 3233 1064 3294 ln
1079 3252 1177 3290 soleo.

110 3330 167 3395 die
182 3350 264 3395 vero
279 3331 373 3396 beati
389 3331 594 3408 Eadmundi,
616 3333 706 3414 regis
729 3341 764 3395 et
781 3332 954 3412 martyris
972 3332 1063 3412 apud

110 3429 457 3496 westmonasterium
488 3433 636 3496 traditur
662 3431 859 3513 sepulturae.
908 3430 980 3493 Iste
1003 3450 1065 3494 rex

109 3537 278 3613 quantum
307 3532 342 3594 in
366 3531 485 3595 saeculi
513 3533 647 3596 actibus
676 3538 819 3613 putatur
846 3529 958 3593 minus
988 3549 1066 3612 pru-

146 3796 153 3827 ¹
171 3794 360 3859 ‘Bromstedef
379 3800 437 3848 M.:
457 3797 575 3845 ‘Broim
600 3796 668 3857 dale,
685 3811 710 3847 v.
726 3800 793 3855 6863
810 3795 860 3843 und
877 3795 986 3857 Tanner,
1003 3795 1065 3843 Not.

110 3865 250 3925 σωθῶ.
602 3870 659 3915 149.

145 3936 365 3988 ''l'heCistsrciau
371 3936 482 3997 abbeyoi
485 3936 576 3995 Hales,
635 3933 646 3964 ³
661 3930 777 3984 ‘Trevet‘
790 3935 812 3982 is
822 3933 863 3983 the
873 3939 969 3982 correct
975 3948 1033 3994 way
1040 3934 1069 3980 os

110 4008 137 4058 iu
149 4008 381 4068 Gloucssterslrire,
391 4022 446 4056 was
463 4006 573 4054 founded
600 4005 709 4066 spelling
720 4019 767 4051 our
778 4000 888 4052 author's
901 4018 973 4051 name
984 4018 991 4062 ;
1003 4017 1032 4051 as
1044 4004 1066 4050 is

110 4079 137 4127 iu
148 4080 191 4129 the
208 4093 270 4140 year
284 4082 357 4139 lata,
367 4078 418 4127 and
431 4075 536 4125 finished
549 4077 574 4123 in
600 4076 704 4135 proved,
718 4075 780 4122 with
799 4087 902 4121 reasons
918 4073 956 4120 for
973 4073 1066 4119 retain-

113 4153 186 4199 1254.
222 4149 248 4197 It
264 4163 319 4197 was
337 4164 353 4196 a
373 4147 463 4196 mitred
484 4147 574 4206 abbey,
600 4146 643 4205 ing
659 4144 702 4191 the
719 4141 889 4203 orthography
904 4142 933 4189 ol
946 4136 1065 4200 ‘Trivet,'

111 4220 161 4269 and
174 4217 320 4269 macharei
333 4232 387 4266 was
403 4216 537 4265 dedicated
549 4221 574 4264 to
600 4215 624 4262 in
637 4213 678 4261 ‘he
689 4212 790 4273 prelace
802 4217 827 4259 to
839 4212 889 4259 tlris
900 4211 1003 4259 edition.

110 4290 148 4340 St.
158 4288 234 4351 lum
242 4288 292 4338 aud
302 4287 346 4337 All
356 4288 483 4337 Hellows.
500 4286 573 4347 Dug-
636 4280 646 4310 ⁴
661 4282 822 4342 ‘puniuntur
831 4277 847 4335 ς’
859 4279 905 4329 Ar.
