2948 4942
370 441 437 508 382
733 462 968 511 urcrmvn'u

210 623 317 664 novoe.
373 618 533 682 omnihus
563 619 672 701 ipsius
697 619 848 700 regibus,
871 626 907 683 et
929 616 1179 700 temporalibus
1205 626 1240 682 et
1264 637 1322 681 un-

210 674 268 723 reply
278 677 300 712 to

210 726 314 773 tuerere-
373 719 472 781 nexis
513 719 642 782 eisdem
683 719 905 802 praefuerunt,
944 725 979 781 et
1015 719 1060 780 ab
1094 717 1224 782 eisdem
1258 737 1322 800 pro

371 837 479 899 regno
509 818 636 882 Scotiae
664 826 699 882 et
726 817 879 901 ejusdem
909 816 1119 899 proceribus,
1148 835 1169 879 a
1196 818 1323 899 quibus

372 916 547 996 volebant,
578 917 705 1000 legalia
733 917 896 999 homagia
925 924 1141 998 receperunt,
1173 922 1208 979 et
1237 915 1320 980 fide·

372 1016 481 1080 litatis
510 1017 626 1082 debite
647 1017 865 1100 juramenta:
907 1035 969 1080 nos
992 1015 1082 1099 juris
1112 1023 1148 1079 et
1178 1014 1320 1081 dominii

373 1118 624 1197 possessionem
650 1118 905 1194 continuantes,
928 1135 991 1199 pro
1011 1122 1165 1197 tempore
1188 1122 1322 1194 nostro,

373 1214 492 1278 eadem
521 1223 591 1279 tam
622 1235 644 1279 a
673 1235 753 1298 rege
783 1215 910 1280 Scotiee
939 1215 1141 1297 recepimus,
1167 1233 1271 1296 quam
1302 1235 1324 1280 a

373 1315 572 1396 proceribus
585 1315 696 1398 ipsius
712 1315 819 1397 regni.
872 1313 1091 1393 Quinimmo
1113 1321 1213 1378 tanta
1232 1314 1323 1397 juris

374 1420 410 1477 et
442 1414 584 1479 dominii
617 1415 849 1498 praerogativa
880 1433 984 1497 super
1016 1432 1160 1495 regnum
1195 1414 1323 1479 Scotiae

374 1520 411 1576 ct
435 1514 587 1598 ejusdem
611 1535 725 1596 regem
757 1514 967 1596 gaudebant,
988 1512 1080 1595 quod
1103 1532 1247 1594 regnum
1268 1514 1322 1597 ip·

374 1631 450 1675 sum
483 1613 640 1677 fidelibus
670 1614 743 1677 suis
775 1613 1007 1679 conferebant.
1075 1612 1190 1695 Reges
1217 1614 1321 1677 etiam

374 1729 419 1774 ex
440 1712 547 1794 justis
564 1713 678 1777 causis
703 1715 921 1790 amovebunt,
937 1720 973 1777 et
988 1713 1242 1777 constituerunt
1257 1714 1323 1777 sub

374 1828 412 1872 se
439 1810 516 1873 loco
540 1813 692 1894 ipsorum
719 1813 806 1877 elios
833 1821 1061 1894 regnaturos3
1089 1831 1167 1895 qnae
1187 1813 1325 1894 procul·

376 1908 479 1973 dubio
514 1913 649 1976 notoria
682 1911 790 1977 luisse
827 1919 863 1976 et
893 1931 969 1977 esse
1007 1910 1193 1975 creduntur
1229 1911 1323 1992 apud

376 2027 507 2087 omnes,
544 2011 626 2075 licet
657 2011 803 2075 forsitan
840 2012 993 2095 paternis
1024 2011 1149 2075 vestris
1179 2011 1323 2075 nuribus

376 2126 438 2189 per
474 2110 568 2190 pacis
602 2111 756 2188 aemulos,
790 2119 825 2175 et
856 2110 1052 2175 rebellionis
1083 2110 1185 2186 filios,
1219 2110 1326 2175 suerit

376 2206 470 2271 uliud
496 2209 585 2274 salsa
612 2211 844 2275 insinuatione
872 2217 1096 2292 suggestum
1129 2228 1151 2272 a
1178 2229 1326 2292 quornm

377 2306 584 2374 machinosis
609 2317 645 2373 et
675 2309 888 2392 imaginariis
915 2309 1101 2391 tigmentis,
1133 2315 1172 2373 ut
1197 2319 1325 2374 vestrm

378 2408 576 2473 sanctitatis
597 2409 719 2473 oculus
745 2416 926 2473 avertatur
957 2409 1158 2493 suppliciter
1186 2427 1325 2490 queesu·

378 2525 467 2583 mnS,
497 2516 532 2572 et
561 2516 739 2590 paternam
771 2509 986 2573 clementiam
1018 2516 1053 2572 et
1085 2507 1327 2572 excellentiam

379 2604 514 2671 devotis
530 2608 708 2672 affectibus
728 2628 924 2686 exoramus,
946 2615 986 2672 ut
1003 2608 1183 2672 brevitatis
1207 2627 1326 2681 cansa,

379 2706 487 2786 gestis
508 2708 717 2772 anteriorum
735 2716 928 2791 temporum
944 2707 1064 2785 salvis,
1084 2707 1244 2789 queedam
1266 2727 1328 2771 ex·

378 2806 481 2887 cmpli
498 2825 605 2869 causa
622 2802 827 2888 tangamus.l

431 2904 643 2969 ‘Edwardus
663 2907 778 2970 senior
795 2907 920 2984 dictus,
946 2906 1038 2969 filius
1055 2898 1249 2992 ²[Aelfridi]
1275 2927 1328 2971 re-

378 3004 433 3084 gis
457 3002 610 3085 Angliae,
641 3006 835 3084 Scotorum,
865 3000 1120 3083 'Cumhrorum
1154 3014 1190 3069 et
1214 3001 1331 3070 ⁴Stre·

379 3104 602 3184 gewellornm
635 3125 745 3187 regeS,
777 3114 942 3189 tanquam
982 3105 1151 3189 superiori
1177 3104 1331 3170 dominio

379 3204 554 3288 subjectos
593 3205 713 3269 hebuit
757 3213 792 3270 et
829 3206 1030 3269 submissos.
1103 3204 1330 3281 Adelstanus‚

380 3322 442 3366 rex
478 3303 627 3386 Angliae,
663 3304 929 3369 Constantinum
981 3324 1097 3387 regem
1146 3304 1329 3369 Scotorum

378 3404 443 3466 snb
471 3423 508 3467 se
544 3414 765 3487 regnaturum
803 3403 994 3481 constituit,
1035 3404 1164 3481 dicens,
1190 3403 1330 3468 Glorio-

379 3502 450 3564 sius
475 3522 550 3567 esse
576 3524 691 3585 regem
720 3504 843 3581 secere,
866 3523 971 3585 quam
995 3524 1109 3585 regem
1131 3522 1219 3567 esse.
1284 3504 1330 3568 Et

378 3608 432 3663 est
463 3603 499 3665 in
526 3604 701 3680 memoria,
725 3603 817 3686 quod
846 3603 935 3667 idem
966 3604 1191 3679 Adelstunus‚
1225 3604 1331 3666 inter·

415 3825 484 3876 'All
518 3826 560 3876 the
591 3826 709 3875 subulcus
745 3826 838 3889 procis,
900 3822 1331 3889 '‘cbitodi3'con.1og.:‘fflu-

378 3899 467 3947 drnwn
482 3897 545 3945 from
562 3897 604 3945 the
616 3898 689 3945 times
700 3896 729 3945 of
743 3898 839 3946 Brutus
864 3897 918 3946 redi
927 3897 949 3957 ;'
959 3897 1042 3946 MSS.
1054 3896 1102 3946 Ar.
1113 3901 1138 3944 et
1151 3900 1206 3947 cot.

379 3970 429 4018 und
445 3968 552 4029 Arthur,
566 3968 600 4016 do
616 3971 660 4015 not
675 3967 743 4015 exist
756 3967 782 4014 in
796 3967 839 4016 the
899 3964 910 3994 ⁸
926 3966 1103 4016 ‘Combrnrum
1110 3962 1125 4026 ς’
1133 3968 1183 4016 und
1190 3967 1331 4018 elsewhere

379 4039 455 4087 MSS.
464 4038 542 4086 norin
552 4037 661 4098 llym.ii.
670 4041 732 4097 559;
743 4036 839 4099 though
865 4036 1040 4086 ‘Cimbrorum
1050 4032 1064 4095 ς’
1076 4037 1159 4086 MSS.

378 4108 438 4168 they
447 4122 489 4157 ure
501 4106 667 4169 interpolated
680 4108 705 4154 iu
715 4107 840 4169 Wnlsing-
901 4104 911 4133 ‘
926 4107 1173 4169 ‘Stredglevulorum
1184 4106 1206 4166 ς’
1247 4107 1331 4156 MSS.

378 4177 446 4238 bum,
457 4182 498 4226 81.
865 4174 913 4225 Ar.
924 4181 948 4225 et
963 4177 1018 4226 Cot.
