2940 4950
576 412 762 462 ANNALRS.
1102 397 1147 462 95

185 576 221 634 et
246 570 283 632 in
310 568 460 652 quodam
492 570 702 635 monasterio
735 568 973 634 cistertiensis
1005 569 1148 648 ordinis,

186 670 279 751 quod
306 669 381 751 ipse
405 675 661 746 construxerat,
685 677 739 734 est
759 663 941 751 sepultus.¹
995 669 1092 734 Obiit
1113 678 1264 734 etue-not

187 767 211 832 J
214 788 343 833 oannes
377 767 659 846 Saresberiensis,
689 767 914 833 Carnotensis
952 737 1275 852 episcopus,}3ibi‘„.

190 869 250 950 qui
272 868 468 950 passionem
494 868 588 931 beati
612 868 757 932 Tbomae
777 867 940 951 martyris
971 868 1148 933 luculento

189 966 283 1048 stylo
301 967 493 1048 descripsit.
545 966 693 1050 Scripsit
707 967 812 1031 etiam
831 967 955 1031 librum
972 968 1014 1031 de
1031 967 1148 1050 Nugis

192 1066 394 1143 Curialium,
411 1067 446 1129 iu
465 1085 534 1147 quo
557 1067 774 1130 honestatem
792 1067 874 1130 vitae
889 1066 1070 1144 clericalis,
1086 1086 1148 1131 ex·

188 1166 310 1247 emplis
329 1172 400 1229 tam
418 1172 615 1229 sanctorum
638 1174 776 1249 patrum
799 1185 903 1247 qnam
923 1165 1147 1247 plurimorum

189 1264 382 1347 gentilium,
420 1265 735 1348 integumentisque
772 1264 968 1328 fabularum
1012 1265 1147 1342 suadet,

190 1384 291 1447 quem
310 1363 544 1428 Policraticon
559 1365 671 1428 voluit
683 1357 878 1446 appellari.²

240 1463 321 1528 Rex
334 1462 530 1528 Jerusalem
544 1464 767 1528 baldewinus
778 1461 872 1526 dedit
881 1481 1032 1527 sororem
1047 1480 1147 1525 suam
1162 1480 1272 1520 senmr

189 1563 296 1627 nobili
312 1563 412 1627 militi
428 1562 581 1628 Gnidoni
598 1563 641 1626 de
658 1556 861 1646 ³Inizemym
885 1563 944 1645 qui
967 1563 1010 1625 de
1032 1580 1074 1625 ea
1090 1581 1148 1643 ge-
1162 1531 1282 1572 mm

189 1663 265 1727 nuit
293 1662 414 1739 tilium,
451 1682 554 1745 quem
584 1663 682 1745 regui
710 1662 990 1745 lerosolymitani
1014 1653 1149 1743 ⁴spera-

191 1762 275 1826 bant
301 1761 460 1826 beredem
488 1763 656 1827 futurum.
717 1761 814 1827 Obiit
848 1759 1017 1826 Emanuel
1050 1759 1148 1824 Grae

191 1881 309 1926 corum
337 1863 544 1943 imperator:
570 1856 662 1944 ⁵[cui
685 1861 854 1926 successit
874 1859 1024 1925 Alexius
1044 1859 1147 1937 filius,

192 1960 252 2041 qui
270 1960 374 2023 filiam
392 1960 541 2023 duxerat
558 1961 649 2042 regis
669 1959 909 2039 Francorum]
961 1960 1042 2024 Rex
1058 1959 1147 2023 Mal·

192 2058 393 2121 semitonum
418 2059 455 2121 in
476 2055 597 2123 Africa
626 2059 735 2141 coepit
765 2058 975 2122 reaedificare
1002 2056 1149 2122 Cartba-

233 2175 323 2220 nem.

194 2176 230 2238 8¹
244 2255 383 2320 Dicitur
395 2254 461 2318 boc
476 2273 567 2318 anno
580 2253 672 2336 apud
689 2253 845 2319 Rocbam
857 2252 1036 2318 Amatoris
1049 2254 1149 2318 mira·
1162 2273 1248 2363 me
1256 2273 1280 2312 οι

192 2354 308 2418 culum
330 2353 567 2438 hujuscemodi
590 2353 790 2436 contigisse.
842 2352 1008 2418 Monachi
1027 2353 1071 2417 de
1093 2373 1149 2417 ec·
1162 2384 1184 2414 m
1212 2384 1241 2413 οι.

191 2454 298 2517 clesia
314 2453 426 2517 beatae
441 2450 597 2535 Virginis
615 2452 803 2535 aquodam
821 2453 994 2535 burgense
1005 2453 1152 2535 pecunia

193 2560 339 2636 accepta
362 2561 495 2629 mutuo,
523 2553 633 2616 eidem
655 2554 794 2617 nomine
819 2553 974 2635 pignoris
998 2552 1151 2617 cortinas

194 2652 348 2717 ecclesiae
366 2652 594 2716 tradiderunt.
648 2650 778 2717 Postea
795 2671 888 2728 vero,
906 2653 1059 2716 instante
1075 2652 1151 2733 glo-

193 2753 295 2816 riosae
316 2749 474 2833 Virginis
495 2750 697 2829 festivitate,
717 2771 761 2816 ne
783 2752 931 2817 ecclesia
953 2770 1017 2816 suo
1044 2751 1151 2815 desti·

193 2858 347 2915 tueretur
361 2858 499 2928 ornatu,
514 2850 686 2932 rogabant
700 2851 862 2916 monachi
876 2851 1058 2934 praefatum
1072 2851 1150 2914 bun

193 2968 346 3032 gensem,
368 2957 409 3014 ut
431 2949 584 3013 cortinas
606 2949 657 3014 eis
681 2950 897 3024 concederet,
919 2950 1151 3014 restituendas

195 3049 314 3114 statim
336 3055 417 3131 post
438 3048 576 3112 festum.
628 3045 699 3126 Qui
716 3068 794 3113 cum
811 3049 855 3113 ad
872 3049 938 3112 boc
955 3048 1151 3114 iaciendum

233 3334 241 3366 ¹
260 3336 339 3384 Locis
356 3334 417 3384 died
432 3348 465 3383 on
477 3334 520 3384 the
538 3336 597 3385 lttb
613 3337 663 3386 cei.
691 3337 730 3386 vel
742 3338 775 3388 ds
787 3338 873 3400 Nugis
884 3337 1037 3399 curialium,
1048 3339 1074 3387 in
1085 3339 1156 3402 eight

198 3406 442 3466 osortober,1180.
691 3407 781 3456 books.
807 3407 855 3456 See
867 3408 944 3457 Peter
955 3409 1094 3470 Blesensis,
1113 3423 1154 3470 ep.

233 3472 244 3503 i
260 3474 666 3536 JobnoiSulisbury,p1-eceptor
691 3480 724 3526 ²2
743 3475 793 3525 end
815 3480 879 3538 114;
906 3477 961 3526 niso
981 3476 1105 3539 Genese,
1126 3479 1154 3529 ii.

196 3546 226 3595 oi
241 3546 319 3594 Peter
334 3543 364 3593 oi
378 3544 461 3606 Blois,
476 3543 670 3604 sudbishopof
691 3547 740 3596 coi.
760 3550 834 3598 ltu.
869 3547 1015 3610 According
1032 3552 1058 3597 to
1076 3549 1157 3612 Hugo

197 3614 331 3674 chartres,
342 3628 398 3662 was
410 3618 513 3676 present
524 3618 550 3662 et
562 3613 604 3662 the
616 3613 666 3661 La·
690 3615 720 3664 oi
725 3616 851 3679 Auxerre,
860 3617 952 3679 quoted
962 3618 996 3679 by
1004 3618 1070 3680 Pagi
1085 3618 1155 3679 apud

197 3687 270 3733 ternu
286 3683 395 3732 Couucil
411 3682 471 3731 beld
488 3683 515 3731 iu
528 3686 601 3744 1179,
615 3682 665 3731 and
692 3686 786 3736 Bsron.
802 3687 857 3736 xix.
873 3703 900 3750 p.
921 3691 979 3750 527,
1002 3686 1034 3736 he
1053 3687 1113 3737 died
1128 3689 1155 3737 iu

197 3754 258 3802 died
274 3753 413 3815 according
426 3757 452 3801 to
469 3766 537 3801 some
552 3754 579 3800 in
592 3756 664 3812 1181,
693 3759 766 3806 1179.

197 3823 406 3872 teotbersil82.
443 3821 494 3870 His
510 3821 597 3870 works
613 3836 665 3883 are,
726 3837 910 3904 uxrem·
930 3837 988 3893 Μ
1012 3842 1157 3892 ammi,

199 3893 261 3941 Vrte
276 3897 302 3940 et
320 3891 413 3939 Passio
432 3891 459 3940 S.
476 3890 580 3940 tbomae
600 3891 666 3940 Cen·
691 3908 742 3961 ni·'
754 3911 801 3962 Ar·
893 3878 901 3906 ’
992 3878 1018 3892 '⁸

199 3966 277 4021 tuen,
309 3961 392 4009 called
420 3961 666 4022 Qnsdrilognm32
726 3947 734 3974 '
912 4005 919 4028 ,

200 4032 301 4080 volume
326 4030 355 4078 oi
382 4030 495 4091 Epistles
517 4029 617 4092 printed
640 4034 667 4079 at
728 4001 909 4066 “memmi
931 4004 970 4054 Μ·

201 4099 290 4161 Paris,
312 4101 397 4160 16113
434 4103 482 4148 ³0³
505 4099 619 4162 Episties
641 4099 666 4147 in
728 4094 807 4145 ‘The
832 4097 918 4145 clause
943 4095 1006 4143 from
1028 4085 1106 4142 ‘cui’
1131 4099 1157 4141 to

202 4169 272 4219 Bibl.
285 4169 344 4217 Pet.
355 4169 406 4219 vol.
423 4172 470 4230 ²⁸3
488 4169 668 4231 Policraticon,
694 4162 777 4215 ‘Rex'
788 4167 812 4215 is
822 4164 885 4214 from
897 4165 957 4213 Cod.
969 4164 1008 4211 M.
