2940 4950
702 469 773 516 Ntc.
788 466 938 514 rtttvurt

633 890 844 950 INCIPIUNT
865 889 992 951 GESTA

683 1087 940 1159 JOANNIS

580 1288 728 1353 rums
752 1289 1053 1356 mucronum.
1118 1261 1122 1266 ’

362 1696 368 1711 1
549 1621 749 1685 OANNES
781 1621 871 1685 filius
901 1616 1032 1707 'junior
1064 1622 1210 1687 Henrici
1241 1644 1295 1688 se·

355 1704 419 1795 i‘
493 1703 524 1791 ἦν,
583 1722 697 1795 cundi,
718 1723 810 1803 rogis
828 1721 1036 1803 Anglorum,
1062 1742 1106 1786 ex
1127 1722 1296 1788 Alienora

497 1796 528 1888 Ῐ
585 1821 783 1903 Aquitaniae
808 1821 958 1898 ducissa,
988 1841 1056 1885 uon
1084 1822 1187 1887 modo
1214 1824 1294 1907 jure

586 1922 866 2003 propinquitatis,
893 1921 953 1984 sed
975 1915 1204 1987 ²testamonto
1227 1924 1296 1988 fra-

338 2023 400 2084 tris
417 2023 471 2084 sui
488 2022 629 2085 Ricardi
647 2022 849 2101 designatus
866 2040 1045 2084 successor
1055 2029 1135 2103 post
1149 2031 1294 2087 mortem

338 2121 503 2201 ejusdem,
523 2141 614 2185 anno
632 2120 772 2183 Domini
791 2136 962 2196 mcxcix„
981 2140 1124 2203 reguum
1143 2123 1294 2186 obtinuit

339 2217 582 2301 Anglicanum.
638 2219 707 2283 Hic
729 2238 750 2281 a
771 2231 869 2300 patre
886 2219 1063 2283 ‘Joannes
1091 2221 1165 2285 sino
1189 2223 1294 2287 terra'

339 2321 600 2399 cognominatus
626 2328 689 2395 est,
711 2319 793 2400 quia
812 2319 975 2383 fratribus
993 2320 1069 2404 ejus
1090 2320 1133 2383 ad
1152 2323 1294 2405 amptis·

339 2421 444 2481 simos
460 2420 607 2482 honores
625 2419 831 2493 sublimatis,
850 2426 935 2500 puta
952 2419 1106 2483 chrioo
1122 2420 1157 2482 in
1176 2441 1292 2503 regem

343 2518 478 2598 Angliae
493 2525 669 2593 coronato,
682 2517 834 2581 Ricardo
847 2538 928 2582 vero
939 2518 1067 2582 ducatu
1081 2518 1295 2602 Aquitanico

340 2625 374 2680 et
387 2616 546 2680 Galsrido
561 2618 687 2680 ducatu
703 2617 905 2681 Britannico
917 2619 1103 2699 insignitis,
1119 2619 1195 2702 ipse
1209 2621 1292 2685 nihil

342 2716 503 2795 habebat;
531 2736 728 2799 quanquam
748 2724 869 2798 postca
884 2717 1016 2781 ditatus
1033 2719 1136 2783 fuerit
1150 2722 1295 2784 comita·

341 2816 432 2878 tibus
456 2817 654 2879 Moritoniae
681 2817 714 2878 in
740 2815 957 2880 Normaunia
979 2826 1013 2882 et
1037 2816 1238 2884 Gloverniae
1261 2822 1297 2884 iu

343 2913 481 2995 Anglia,
519 2916 654 2978 collatis
692 2917 835 2996 insuper
866 2916 974 2979 eidem
1009 2937 1030 2981 a
1062 2926 1160 3001 patre
1194 2921 1295 2984 torris

341 3017 498 3077 omnibus
516 3015 550 3077 in
571 3016 742 3078 Hibernia
759 3016 973 3097 conquisitis.
1026 3017 1189 3099 Triginta
1210 3018 1296 3084 duo-

341 3133 413 3173 rum
435 3133 601 3177 annorum
620 3122 705 3188 crat,
722 3134 798 3177 cum
820 3116 854 3177 in
875 3117 1008 3179 octavis
1032 3116 1178 3181 Paschae
1203 3120 1296 3201 apud

342 3212 600 3293 Rothomagum
622 3214 768 3277 ducatus
790 3214 1017 3279 Normannici
1042 3216 1158 3297 gladio
1181 3220 1296 3300 cinge-

341 3321 445 3375 retur.
499 3313 623 3377 Statim
638 3333 721 3376 voro
741 3316 774 3377 in
792 3314 954 3395 Angliam
978 3316 1218 3394 transfretans
1242 3319 1297 3381 die

343 3411 525 3475 Dominica
550 3413 641 3475 iufra
664 3422 806 3477 octavas
834 3414 1067 3492 Ascousionis,
1086 3409 1296 3482 ⁸Loudoniae

341 3512 385 3572 ab
402 3511 660 3594 archiepiscopo
677 3513 838 3576 Huberto
856 3515 1045 3594 inungitur,
1060 3524 1093 3580 ct
1110 3527 1299 3581 coronatur

341 3610 375 3671 in
397 3631 511 3691 regem
531 3609 692 3692 Angliae3
720 3615 904 3677 assistente
931 3614 1166 3695 praelatorum,
1193 3619 1297 3682 comi·

341 3716 426 3785 tum,
450 3721 484 3772 et
508 3711 687 3789 baronum,
715 3713 928 3795 aliorumque
952 3714 1117 3778 nobilium
1140 3717 1299 3782 multitu-

340 3808 418 3871 dine
434 3809 578 3872 infinita.

175 3917 325 4013 ffilffilg·
392 3908 501 3972 Porro
517 3908 700 3991 Philippus
718 3912 928 3975 Francorum
947 3933 1018 3990 rex,
1043 3913 1197 3979 Ricardo
1217 3937 1298 4000 rege

176 4017 305 4064 Normandy.

376 4165 494 4214 ¹‘minor
504 4161 518 4223 ;'
530 4165 577 4215 Ar.
862 4168 1048 4220 ³‘Londoniae
1072 4173 1142 4234 opud
1172 4174 1299 4226 westmo-

373 4234 383 4264 ²
398 4238 441 4284 ‘in
454 4241 601 4284 testamento
612 4232 626 4294 ;’
645 4237 683 4288 M.
695 4242 720 4286 et
730 4237 778 4287 Ar.
827 4241 964 4289 nasterium
975 4237 991 4300 ;'
1010 4242 1048 4290 M.
1056 4247 1081 4291 et
1091 4242 1141 4292 Ar.
