2940 4950
335 457 400 521 150
696 469 770 517 mc.
788 468 938 517 rmvrrrr

337 625 425 690 ratio
442 645 511 689 non
528 624 664 690 videtur
679 626 794 690 locum
804 625 951 705 habere3
976 645 1039 690 uec
1054 632 1151 691 esset
1161 625 1300 702 vitium,

337 726 367 789 si
384 745 451 788 uon
469 726 603 789 ratione
620 733 765 790 careret.

388 825 475 889 Post
492 832 608 888 autem
624 824 765 907 aliquod
787 832 923 907 tempus
945 823 1153 907 Limpoldus
1179 845 1296 908 regern

339 923 527 987 Ricardum
566 924 766 1006 imperatori
803 925 958 989 Henrico
995 932 1097 989 sexto
1131 923 1297 1003 reddidit,

337 1042 438 1104 quem
473 1023 531 1087 ille
566 1043 674 1106 usque
714 1023 935 1106 Maguntiam
972 1023 1156 1089 transtulit
1187 1026 1298 1110 capti·

174 1652 310 1692 ruamur
387 1626 473 1690 Rux
506 1621 749 1702 'Francorum
772 1645 834 1708 per
859 1624 994 1689 litteras
1021 1624 1169 1690 Henriei
1191 1628 1295 1711 impe·

175 1703 323 1802 diffidi?
336 1725 460 1789 ratoris
485 1727 527 1789 de
553 1725 757 1808 captivitate
782 1725 873 1807 regis
900 1720 1043 1788 Ricardi
1069 1726 1292 1801 certificatus,

336 1824 530 1906 postposita
553 1825 619 1888 fide
640 1825 818 1907 fractoque
834 1824 1046 1908 juramento,
1068 1843 1139 1906 quo
1156 1844 1195 1890 se
1210 1845 1294 1910 prae-

336 1923 408 1986 sato
424 1924 498 2004 regi
517 1924 668 1989 Ricardo
692 1932 773 1988 ante
794 1941 967 1987 recessum
990 1941 1091 1986 suum
1112 1924 1156 1989 de
1173 1924 1294 1991 Achon

337 2022 582 2099 adstrinxerat,
623 2024 752 2087 invasit
780 2031 890 2087 terras
926 2021 1082 2105 ejusdem
1118 2024 1157 2086 in
1190 2043 1291 2088 mann

336 2122 481 2199 hostili;
522 2123 577 2186 cui
607 2121 785 2186 Gilbertus
815 2121 859 2184 de
884 2120 1060 2197 Vascolio,
1087 2122 1221 2188 domini
1242 2124 1295 2188 sui

336 2221 477 2286 effectus
495 2221 661 2304 proditor,
677 2229 829 2285 castrum
847 2220 1115 2284 munitissimum
1133 2219 1293 2300 Gisortii,

222 2319 224 2322 ’
336 2341 409 2385 suae
428 2322 647 2386 commissum
673 2320 852 2396 custodiae,
876 2318 1036 2385 reddidit.
1090 2321 1174 2403 lpse
1190 2323 1293 2387 etiarn

337 2441 399 2484 rex
429 2421 540 2485 multa
567 2427 684 2484 castra
712 2420 826 2484 vicina
859 2419 963 2501 cepit,
987 2425 1093 2505 atque
1118 2413 1174 2484 ²in
1199 2421 1294 2487 brevi

337 2540 415 2584 cum
445 2527 586 2601 potente
618 2520 772 2583 exercitu
804 2525 916 2582 toturn
944 2516 1175 2583 Vulcasinum
1204 2520 1296 2586 Nor·

338 2620 488 2681 manniae
503 2619 696 2700 occupavit.
740 2617 895 2682 Ulterius
912 2637 994 2681 vero
1009 2619 1188 2700 profectus
1205 2621 1297 2705 cepit

339 2718 456 2779 urbem
491 2718 685 2794 Ebroicam,
719 2726 754 2781 et
784 2716 946 2781 ecclesias
972 2717 1044 2781 Dm
1072 2719 1240 2783 contrivit
1259 2721 1296 2783 in

339 2815 461 2896 spiritu
496 2817 716 2881 vehementi:
758 2836 826 2880 non
860 2818 1014 2899 pepercit
1046 2810 1294 2900 ³episcopatui,

339 2916 501 2992 abbatiis,
534 2917 654 2980 aliisve
687 2915 927 2994 monasteriis3
962 2916 1152 2996 quinimmo
1177 2937 1296 2983 mona-

339 3014 422 3078 chos
454 3015 606 3098 ejiciens,
636 3015 767 3079 reditus
802 3033 919 3078 eorum
953 3014 989 3078 in
1019 3017 1179 3098 proprios
1213 3036 1295 3081 usus

340 3116 522 3178 convertit.
575 3114 676 3196 Cepit
692 3123 727 3178 et
741 3108 894 3177 ⁴Vallem
911 3113 1064 3192 Rodolii,
1079 3134 1121 3179 ac
1137 3114 1296 3181 Novum·

341 3211 508 3295 Burgum,
533 3213 860 3295 Rothomagumque
880 3213 1036 3291 obsedit;
1060 3213 1121 3278 sed
1143 3234 1225 3279 oum
1248 3215 1295 3280 ui-

339 3311 387 3375 hil
414 3312 605 3394 proficeret,
631 3313 819 3376 combustis
843 3313 1002 3396 petrariis
1030 3320 1066 3376 et
1092 3315 1296 3396 mangonel-

339 3411 393 3488 lis,
411 3413 519 3476 iratus
540 3412 719 3476 discedens
742 3411 952 3476 obsidionem
970 3412 1062 3476 circa
1077 3406 1293 3479 ⁵Demolium

340 3512 466 3593 posuit.

176 3635 326 3724 mpura
391 3611 530 3674 Interea
563 3609 774 3674 Caelestinus
807 3629 899 3693 papa
929 3619 964 3676 et
991 3611 1092 3675 multi
1122 3611 1295 3696 principes

176 3735 287 3826 3¹13?er
341 3708 537 3774 Gennauiee
569 3710 709 3790 indigne
741 3710 889 3774 ferentes
925 3730 1041 3794 regem
1072 3710 1216 3793 Angliae
1252 3712 1295 3776 ab

376 3943 383 3974 ¹
400 3944 531 3994 ‘Franeiae
541 3942 555 4005 ;’
568 3945 637 3994 n’A.
864 3946 874 3973 ⁴
890 3945 1006 3994 ‘Vallem
1017 3945 1118 3996 Redolii
1130 3941 1145 4006 ς’
1157 3948 1197 3996 Μ.
1207 3965 1214 3996 :
1226 3948 1296 3997 ‘vil-

373 4147 466 4199 ⁸Thet
483 4151 515 4210 is,
528 4165 587 4211 says
606 4151 675 4215 Hali,
692 4151 733 4200 the
750 4153 803 4213 epi·
829 4168 910 4203 seems
919 4155 961 4204 the
968 4160 1023 4203 true
1031 4121 1296 4220 reddingpseeinin,

338 4220 425 4281 scopnl
435 4220 573 4270 residence.
812 4180 1118 4285 ip.154,‘Vernolium.’
