2948 4942
409 450 493 527 356,
769 463 842 511 uro.
865 461 1011 510 rarvnrr

248 640 370 689 monum
412 619 563 684 titiarius
596 618 722 683 Scotiae
756 615 955 682 Willelmus
988 615 1031 680 de
1073 615 1245 692 Ormesbi,
1277 633 1368 698 prae·

412 729 550 803 ceptum
576 719 668 801 regis
698 736 903 799 exsequens,
935 716 1072 794 multos,
1100 715 1161 796 qui
1186 714 1261 797 regi
1290 713 1369 778 An·

248 692 272 732 ot
278 691 316 732 tha
324 691 390 730 seon.

415 820 495 902 gliae
518 819 716 900 homagium
737 825 772 880 et
795 816 996 880 fidelitatem
1016 817 1129 880 facere
1146 815 1370 885 recusabant.

415 918 521 983 exilio
550 917 811 995 condemnavit;
850 917 910 998 qui
943 916 1125 998 praefatum
1152 913 1370 979 Willelmnm

417 1019 452 1082 in
479 1018 667 1101 principem
694 1017 874 1098 eligentes,
903 1016 1077 1080 associato
1098 1015 1165 1079 sibi
1190 1013 1371 1080 Willelmo

418 1117 568 1199 Duglas,
591 1118 651 1200 qui
674 1110 847 1181 reddendo
871 1124 1022 1182 castrum
1042 1114 1210 1179 Bercwici
1229 1133 1270 1179 sa
1296 1114 1373 1196 regi

419 1218 573 1294 dederat,
605 1218 642 1280 in
669 1235 830 1299 magnam
865 1224 1012 1281 turmam
1040 1222 1234 1279 creverunt.
1300 1212 1372 1279 Co·

419 1319 503 1382 mite
536 1326 651 1381 autem
682 1317 831 1381 Surreiae
858 1323 895 1380 et
923 1315 1139 1381 thesaurario
1170 1315 1207 1378 in
1239 1312 1375 1396 Anglia

420 1417 699 1494 consistentibus,
741 1415 955 1480 Willelmum
998 1413 1226 1498 justitiarium
1276 1413 1371 1497 apud

420 1517 544 1596 Scene,
577 1517 649 1581 suis
683 1516 841 1580 omnibns
871 1534 970 1598 paene
1002 1513 1046 1577 ad
1080 1514 1229 1579 hostium
1258 1512 1375 1597 spolia

422 1616 561 1692 relictis,
597 1616 790 1699 opprimere
823 1615 1051 1697 cogitabant3
1089 1613 1151 1678 sed
1184 1614 1257 1691 ille,
1289 1613 1375 1678 licet

422 1716 520 1779 tarde
547 1715 785 1797 praemunitus,
811 1734 929 1779 eorum
965 1714 1107 1778 insidias
1139 1713 1200 1779 vix
1231 1706 1371 1779 evasit.¹

422 1814 618 1879 Willelmus
643 1813 788 1898 Walcys
810 1814 929 1896 igitur,
958 1832 1035 1878 cum
1062 1814 1136 1878 suis
1163 1812 1281 1897 palam
1309 1812 1371 1878 de·

421 1914 620 1978 bacchando
661 1915 696 1977 iu
736 1913 917 1996 Anglicos,
958 1932 1183 1996 quoscunque
1215 1914 1375 1978 invenire

424 2014 549 2096 potuit,
579 2014 786 2079 trucidavit:
828 2013 870 2078 dc
899 2013 1025 2095 quibus
1053 2012 1145 2077 viros
1176 2012 1374 2096 religiosos,

423 2113 541 2195 ligatis
573 2114 616 2178 ad
651 2114 789 2178 dorsum
828 2113 1000 2190 manibus,
1027 2112 1143 2196 coegit
1172 2113 1303 2178 saltare
1338 2115 1376 2178 in

424 2213 580 2291 fluvium,
598 2233 716 2278 eorum
737 2213 1005 2279 submersionem
1030 2214 1066 2277 in
1082 2211 1269 2276 ludibrium
1289 2232 1372 2279 con·

260 2332 368 2380 rreum
426 2313 600 2377 vertendo.
664 2314 757 2390 Rex,
790 2312 856 2377 hac
885 2314 1112 2379 commotione
1142 2312 1275 2390 audita,
1309 2333 1376 2396 pro

260 2382 406 2431 urlgunhrlr

260 2414 572 2522 &animarentur
601 2413 806 2496 inquirenda
834 2411 928 2477 misit
954 2413 1221 2477 Dunelmensem
1241 2413 1377 2496 episco-

261 2533 386 2573 uwtmn.
424 2532 518 2595 pum,
548 2514 608 2595 qui
639 2514 786 2578 veritate
808 2520 987 2596 comperta
1013 2512 1161 2590 rediens,
1187 2532 1306 2594 regem
1331 2513 1376 2578 de

424 2612 582 2676 omnibus
615 2613 824 2677 informavit.
886 2611 967 2676 Rex
999 2613 1067 2676 iter
1098 2612 1134 2676 in
1170 2611 1377 2677 Flandriam

424 2712 606 2776 admodum
646 2713 740 2777 cordi
772 2712 913 2789 habens,
945 2712 1104 2776 militiam
1139 2718 1248 2777 totam
1282 2713 1378 2778 ultra

425 2811 579 2886 fluvium,
610 2812 669 2892 qui
703 2812 835 2875 Trenta
862 2810 998 2889 dicitur,
1031 2812 1225 2894 assignavit
1255 2813 1377 2879 comiti

423 2910 467 2974 de
489 2911 678 2987 Warenna,
702 2912 905 2994 praecipiens
927 2919 967 2976 ut
987 2910 1168 2976 Scotorum
1193 2911 1377 2978 andaciam

423 3008 568 3073 celerius
602 3004 831 3093 'reprimeret
870 3019 906 3076 et
946 3018 1105 3076 auctores
1142 3011 1225 3076 mali
1257 3012 1379 3080 debita

424 3109 565 3193 justitia
587 3112 785 3192 castigaret.

263 3226 369 3266 nenne·
476 3208 622 3293 Scripsit
644 3212 746 3275 etiam
773 3209 903 3275 Joanni
930 3210 1054 3276 Comin
1075 3210 1118 3276 de
1144 3176 1315 3277 Badenau
1340 3230 1378 3280 et

264 3278 309 3316 also
317 3278 397 3325 Cornyn

264 3329 305 3366 ‚ne
315 3328 352 3366 m
362 3328 405 3366 2211
426 3310 544 3373 comiti
575 3311 617 3374 de
641 3305 804 3386 ³B0wau,
830 3320 869 3376 ut
900 3330 1067 3375 memores
1098 3311 1277 3376 fidelitatis
1304 3334 1380 3379 suar

263 3378 288 3416 of
295 3378 382 3417 Buchan

263 3434 284 3466 a
293 3428 348 3476 ‚1127
357 3429 394 3467 nr
426 3418 679 3474 reverterentur
714 3412 749 3475 in
778 3409 941 3488 Scotiam,
974 3419 1009 3475 et
1038 3411 1157 3495 populi
1184 3412 1239 3476 sui
1267 3414 1379 3479 susci·

262 3478 416 3523 disturbandam

264 3527 393 3616 affine
428 3515 537 3572 tatum
554 3510 627 3593 jam
651 3511 836 3575 tumultum
857 3510 1041 3589 sedarent3
1069 3512 1129 3594 qui
1146 3511 1254 3596 juxta
1278 3533 1378 3579 man·

262 3577 390 3676 punness'
427 3608 544 3670 datum
577 3619 754 3693 acceptum
786 3611 823 3674 in
853 3610 1004 3674 Scotiam
1041 3619 1265 3689 revertentes,
1299 3634 1380 3697 quar

426 3708 522 3788 pacis
555 3718 651 3772 erant
679 3711 831 3791 segniter
862 3720 1109 3792 exsequuntur.
1178 3710 1306 3776 Comes
1336 3714 1380 3778 de

463 3901 470 3932 ¹
488 3905 525 3952 Aa
538 3919 554 3953 a
566 3919 682 3954 measure
694 3907 723 3956 of
730 3910 887 3968 precaution,
914 3909 1034 3970 mysteria
1050 3910 1158 3972 iurarit,
1179 3915 1206 3959 at
1229 3925 1305 3975 uper
1325 3915 1381 3976 gla-

425 3974 467 4023 the
491 3975 581 4037 bislrop
605 3977 633 4024 ol
650 3977 756 4027 Carlisle
776 3984 831 4027 sent
849 3978 887 4027 sor
912 3980 981 4027 dium
1008 3980 1087 4028 macti
1108 3980 1206 4029 Tim
1230 3982 1382 4044 juramenta

426 4045 520 4094 liobert
531 4046 598 4094 Brun
609 4046 651 4095 tha
661 4061 785 4110 younger,
795 4049 848 4097 earl
861 4048 891 4097 os
912 4044 1048 4110 prestitit?
1061 4050 1107 4100 dre.
1125 4050 1202 4101 Hem.
1213 4054 1272 4102 11⁹.

426 4115 544 4177 Carriclr,
568 4116 617 4165 and
643 4118 760 4178 required
786 4116 838 4166 him
860 4123 887 4166 to
946 4115 1385 4186 '‘inprimeret3'M.:‘imprims·

426 4186 485 4234 take
497 4185 539 4233 the
549 4186 607 4235 oatb
616 4186 645 4234 of
652 4188 791 4249 allegiance
800 4193 826 4237 to
836 4188 887 4236 Ed·
911 4193 949 4238 rat
956 4183 970 4249 ;’
987 4189 1036 4239 Ar.

425 4256 517 4315 ward;
547 4259 593 4305 ‘at
621 4272 698 4320 super
725 4264 886 4308 caemrancta
946 4256 1153 4310 ⁸i.e.13ucbrn.
