2940 4950
491 463 675 512 aurnuns.
998 450 1064 513 217

107 624 227 689 habito
250 624 417 688 Bononiae
439 624 699 705 generalissimo
718 622 884 703 capitulo,
904 622 1064 684 immuta-

106 725 169 789 bili
188 724 370 787 firmarnnt
393 724 543 801 decreto,
564 742 606 786 ne
629 723 759 785 reditus
779 730 814 785 et
829 722 1063 803 possessiones

106 824 143 887 in
169 823 290 887 ordine
315 822 555 888 admittantur.
607 823 688 886 IIoc
713 841 814 896 anno,
845 841 962 885 mense
991 820 1062 884 Au-

108 931 226 1005 gusto,
260 924 383 989 beatus
427 923 633 987 Franciscus
670 930 868 985 sanctorum
902 920 1063 1000 catalogo

108 1022 305 1106 adscriptus
336 1030 389 1086 est
420 1041 441 1086 a
472 1041 565 1106 papa
595 1020 789 1102 Gregori03
827 1019 939 1103 cnjus,
969 1028 1063 1083 ante-

112 1141 217 1205 quam
233 1130 324 1186 esset
341 1142 445 1206 papa,
458 1129 554 1186 tutor
566 1121 679 1185 suerat
696 1128 730 1183 et
746 1113 755 1149 ¹
764 1127 950 1200 protector.

172 1613 394 1679 Gaudentius
434 1634 526 1697 papa
566 1615 807 1697 imperatorem
848 1614 1066 1678 Fredericnm
1080 1634 1231 1683 moenam

113 1714 438 1791 excommunicavit,
472 1721 507 1778 et
537 1734 598 1797 per
626 1722 734 1778 totam
771 1713 1065 1778 Christianitatem
1080 1684 1227 1775 mman-

113 1815 448 1878 excommnnicatum
479 1814 672 1878 denuntiari
698 1815 873 1897 praecepit.
938 1814 1067 1877 Eadem

114 1921 319 1996 tempestate
342 1915 464 1977 beatus
482 1913 656 1978 Antonius
679 1915 721 1977 de
744 1915 862 1979 ordine
879 1914 1067 1990 Minorum,

117 2021 153 2078 et
175 2013 211 2078 S.
227 2013 430 2077 Elizabetha
451 2013 523 2077 filia
544 2015 636 2096 regis
660 2013 867 2096 Hungariae‚
890 2033 979 2076 uxor
995 2016 1066 2077 lan·

119 2112 275 2194 degravii
299 2112 513 2194 Thuringiae,
546 2115 775 2177 sanctimonia
805 2115 887 2178 vitae
913 2107 1067 2177 clarent.²

118 2211 295 2277 Robertus
337 2213 381 2277 de
420 2207 610 2296 ³Bingham
655 2213 767 2276 factus
801 2220 854 2277 est
885 2214 1068 2295 episcopus

115 2311 397 2376 Saresberiensis.
465 2312 637 2377 Ricardns
670 2331 817 2393 magnus
849 2320 1069 2375 consecratus

115 2419 171 2476 est
199 2412 291 2494 apud
326 2412 564 2489 Cantuariam,
597 2412 778 2494 episcopus
813 2413 949 2475 suturus
980 2411 1071 2474 Cau·

113 2512 312 2577 tuariensis.
364 2511 484 2576 Abbas
511 2513 546 2576 S.
566 2512 773 2577 Eadmundi·
787 2511 899 2576 factus
922 2519 976 2574 est
1001 2510 1070 2592 epi·

116 2630 244 2694 scopus
259 2611 418 2675 Eliensis.

136 2820 162 2856 B.
176 2821 201 2856 u.
213 2820 233 2856 J.
244 2820 268 2855 G·
366 2820 388 2855 P.
402 2820 564 2855 ROMANORUM
578 2820 602 2855 R.
716 2821 868 2856 FRANCORUM

153 2906 265 2943 uomxx.
303 2906 471 2942 cuneorum.
504 2906 674 2944 rsanerucru.
713 2907 878 2943 nonovrcrrx.

378 2968 403 3012 ⁴.
570 2966 609 3012 19.

170 3104 392 3168 qunasu'ou
420 3104 622 3168 Fredericus
650 3106 788 3168 nuntios
814 3105 908 3169 misit
927 3107 970 3168 ad
996 3106 1071 3169 Sol-

118 3205 248 3269 danum
269 3203 484 3286 Babyloniae,
500 3223 562 3285 per
580 3223 666 3284 quos
682 3203 774 3266 sama
789 3212 863 3268 erat
884 3206 974 3285 quod
993 3225 1070 3269 eum

117 3325 160 3370 eo
178 3304 347 3368 amicitias
364 3304 609 3367 contraxisset.
663 3304 804 3366 Fratres
821 3303 1071 3367 Praedicatores

117 3411 300 3487 coeperunt
314 3404 347 3466 in
364 3401 495 3484 Anglia
511 3402 664 3484 capitula
684 3402 910 3484 provincialia
935 3410 1070 3480 tenere;

118 3522 265 3586 qnorum
288 3503 435 3585 primum
459 3509 512 3566 est
528 3503 677 3565 Oxoniae
700 3500 920 3565 celebratum.
973 3501 1231 3604 110¹¹·}}5;23„v*·³“

118 3604 212 3667 ricus
229 3600 423 3683 Anglorum
442 3622 504 3665 rex
528 3601 763 3666 transfretavit
786 3602 821 3663 in
843 3602 1071 3679 Britanniam,
1170 3577 1190 3614 γ’

120 3701 288 3766 suadente
308 3701 394 3766 duce
420 3700 572 3785 ejusdem
602 3702 718 3777 Petro,
745 3709 783 3764 ut
814 3722 834 3764 a
858 3722 938 3783 rege
964 3704 1072 3766 Fran-

119 3821 238 3865 corum
264 3808 375 3865 terras
401 3821 462 3882 per
492 3810 623 3883 patrem
655 3802 731 3885 ejus
756 3810 791 3866 et
820 3821 921 3865 avum
947 3803 1011 3865 sibi
1039 3813 1073 3865 et

159 4040 167 4073 ¹
185 4046 349 4105 ‘procurator
358 4044 374 4103 ;'
386 4044 425 4092 M.
598 4040 601 4093 i
615 4044 778 4105 Bollandists‚
786 4046 855 4093 June
867 4049 905 4093 13.
942 4046 979 4092 st.
991 4046 1074 4092 Elina·

158 4112 169 4141 ¹
184 4114 222 4163 St.
227 4114 339 4175 Antony,
349 4113 445 4175 though
452 4114 585 4161 surnanred
613 4114 670 4162 beth
678 4112 706 4160 of
717 4114 842 4174 Hungury
851 4114 910 4161 died
921 4116 946 4161 in
956 4113 1075 4162 thesaure

122 4184 152 4233 oi
162 4184 263 4244 Podua,
274 4198 328 4233 was
344 4199 360 4233 a
377 4185 536 4245 i'ortugucse
554 4184 585 4243 by
614 4198 683 4243 year,
696 4184 763 4231 Nov.
775 4188 812 4231 lt).

123 4254 200 4304 birth.
233 4253 459 4303 Hediedintast.
488 4252 585 4302 Scuthu
647 4248 943 4312 ³‘Binguha1113'D'A.
