2940 4950
510 414 694 464 Anninus.
1016 399 1080 466 121

124 572 226 636 citius
246 572 372 655 etipse
398 579 552 636 armatus
571 572 676 654 globo
697 571 826 636 civium
848 591 886 637 se
907 572 1082 655 ingeram,
1096 588 1242 682 fflfflh

124 673 219 754 ipsos
235 671 271 735 in
288 673 464 736 civitatem
480 673 595 754 coegit
610 672 775 737 velociter
791 671 932 754 sugere3
955 673 1082 756 ipsam·
1097 653 1201 732 ute.

125 791 192 855 que
218 772 395 836 civitatem
427 771 575 849 obsedit,
602 780 638 836 et
663 791 725 855 per
750 780 950 855 posternam
973 793 1084 856 quan·

126 870 206 934 dam
230 890 308 934 cnm
329 872 401 935 suis
423 871 600 953 ingressus
622 872 772 952 subegit.
825 871 978 937 Subacta
1000 891 1083 937 vero

127 971 283 1047 civitate,
311 970 464 1035 maxima
486 971 615 1036 civium
640 970 826 1036 multitudo
853 973 1083 1047 occubuisset,

129 1069 195 1133 nisi
214 1077 328 1133 motus
344 1071 473 1153 pietate
491 1088 633 1153 parcere
649 1090 712 1134 rex
724 1070 900 1155 jussisset.

179 1169 370 1233 Mittuntur
391 1171 500 1251 igitur
516 1170 631 1234 nuntii
650 1169 695 1233 ad
712 1189 829 1252 regem
847 1169 974 1235 Siciliae
988 1170 1084 1235 Tau-
1098 1177 1135 1218 ¹¹¹²
1213 1176 1238 1216 ⁰¹

129 1268 280 1346 cnidum,
303 1268 502 1351 requisituri
524 1288 628 1351 super
649 1268 828 1334 hominum
849 1289 990 1334 suorum
1013 1277 1085 1334 tam
1098 1227 1213 1318 m

128 1368 259 1432 enormi
285 1368 470 1433 commisso
491 1367 788 1449 satisfactionem
820 1377 855 1433 et
876 1368 960 1453 quid
981 1388 1086 1452 super
1099 1327 1201 1376 mm

129 1467 194 1544 his,
209 1486 288 1550 quae
303 1476 404 1550 gesta
420 1466 570 1544 fuerant,
588 1474 745 1532 censeret
759 1468 944 1549 agendum.
981 1467 1085 1532 Mau-

128 1565 226 1631 davit
258 1575 428 1651 praeterea
466 1586 530 1631 rex
566 1567 740 1633 Ricardus
779 1567 889 1632 eidem
924 1567 1011 1650 regi,
1045 1575 1085 1631 ut

128 1666 239 1731 sorori
274 1687 348 1731 suus
386 1666 527 1748 reginae,
564 1669 666 1732 uxori
705 1667 878 1750 quondam
917 1666 1084 1731 Willelmi

128 1767 221 1846 regis
240 1765 390 1849 Apuliae,
406 1786 485 1850 quae
504 1787 585 1833 cum
604 1767 686 1832 dote
708 1767 819 1832 eidem
841 1767 1021 1849 assignata
1047 1766 1085 1829 in

129 1865 288 1930 custodia
314 1866 406 1947 regis
435 1865 607 1931 Tancredi
636 1874 724 1944 erat,
754 1886 859 1949 super
887 1865 969 1931 dote
990 1885 1084 1930 com·

132 1965 264 2044 petenti
295 1964 505 2045 provideret,
535 1973 571 2029 et
600 1984 705 2048 super
736 1966 893 2048 portione
930 1965 1085 2029 thesauri

134 2063 250 2124 mariti
279 2062 346 2138 sui,
378 2080 457 2143 quae
488 2081 565 2126 earu
595 2063 674 2146 jure
706 2064 945 2146 contingeret3
981 2083 1087 2146 super

132 2179 251 2224 mensa
279 2179 417 2242 quoque
443 2179 549 2224 aurea
575 2180 677 2245 aequa
702 2169 798 2227 sorte
828 2162 861 2226 ei
886 2181 965 2244 quae
991 2162 1086 2226 illius

132 2278 223 2323 uxor
245 2259 430 2323 exstiterat
451 2258 646 2324 dividenda.
698 2259 810 2342 Super
830 2259 885 2323 his
908 2278 970 2325 rex
995 2260 1088 2325 Tan·

131 2358 254 2422 cradus
272 2359 384 2440 primo
404 2358 542 2423 locutus
558 2367 611 2424 est
628 2358 805 2437 indubiis,
824 2377 982 2425 asserens
996 2358 1087 2440 regi·

132 2459 198 2522 bus
220 2456 503 2522 satisfaciendum
525 2477 589 2540 pro
607 2465 762 2542 tempore
783 2465 818 2522 et
833 2458 911 2523 loco
934 2466 969 2523 et
986 2458 1088 2523 modo

133 2556 365 2633 convenienti,
399 2556 441 2622 de
472 2556 616 2622 consilio
646 2558 839 2641 principum
873 2565 975 2623 terrae
1002 2578 1088 2624 suae.

133 2656 201 2720 Sed
223 2675 302 2721 cunr
324 2656 552 2738 perpenderet
568 2674 684 2738 regem
709 2656 910 2735 Ricardum,
932 2657 992 2740 qui
1012 2657 1088 2740 jam

133 2763 285 2820 castrum
313 2755 486 2838 quoddam
515 2763 717 2820 construere
736 2764 902 2838 coeperat,
931 2756 1023 2838 quod
1051 2757 1088 2820 in

134 2862 369 2937 contemptum
401 2854 651 2936 indigenarum,
688 2854 749 2938 qui
782 2854 889 2937 vulgo
925 2854 1088 2920 Grifones

133 2953 305 3031 dicuntur,
328 2947 580 3034 ¹Mategriffum
604 2953 806 3036 appellavit,
829 2973 851 3018 a
873 2954 997 3035 coeptis
1018 2974 1089 3018 non

134 3059 417 3134 temperaturum,
444 3052 551 3116 donec
577 3072 640 3135 pro
669 3045 771 3116 ¹voto
797 3061 1091 3136 consequerentur

134 3150 313 3229 effectum3
340 3151 454 3213 missis
480 3150 604 3232 legatis
629 3150 756 3214 obtulit
784 3170 905 3234 pacem
934 3160 969 3216 et
989 3152 1090 3233 petiit

135 3248 365 3325 concordiam,
383 3267 542 3312 asserens
559 3268 597 3313 se
620 3258 781 3332 paratum
804 3251 834 3314 si
859 3249 963 3314 vellet
984 3251 1089 3321 inter-

137 3349 296 3412 veniente
315 3347 462 3431 pecunia
484 3367 561 3410 cum
577 3367 618 3412 eo
633 3345 795 3411 amicitiae
809 3348 921 3412 foedus
936 3349 1035 3427 inire,
1054 3358 1090 3414 et

135 3468 199 3530 pro
222 3447 304 3512 dote
326 3446 455 3527 reginae
478 3445 604 3511 Siciiiae
627 3446 756 3510 sororis
776 3466 849 3511 snae
868 3466 906 3511 se
929 3447 1090 3512 daturum

136 3547 259 3628 viginti
292 3546 403 3609 millia
437 3546 556 3610 uncias
584 3546 672 3623 auri,
702 3553 739 3611 et
767 3554 894 3629 praeter
920 3546 987 3611 hoc
1021 3548 1091 3613 alia

135 3645 259 3728 viginti
289 3646 397 3709 millia
424 3645 460 3708 in
490 3645 710 3727 maritagium
737 3666 814 3710 cnm
843 3646 992 3728 quadam
1019 3646 1090 3712 filia

55 3830 58 3834 Δ
136 3745 342 3822 maritanda,
364 3744 394 3808 si
412 3744 529 3822 vellet,
553 3745 671 3828 nepoti
694 3764 758 3809 suo
775 3744 944 3823 Arthuro,
967 3746 1039 3811 tilio
1055 3756 1090 3812 et

135 3844 252 3908 heredi
271 3843 420 3908 Galfridi
435 3845 608 3927 qnondam
627 3844 723 3909 ducis
747 3845 951 3910 Britannice.
1005 3844 1088 3924 Qui-

136 3945 200 4007 bus
230 3963 309 4008 cum
338 3945 542 4009 assensisset
571 3964 634 4009 rex
664 3944 850 4021 Ricardus,
877 3945 1046 4009 invitatus
1069 3961 1091 4006 a

137 4063 217 4124 rege
242 4042 435 4120 Tancredo,
458 4044 523 4106 sibi
547 4063 726 4108 occurrere
746 4045 981 4125 promittente,
1008 4041 1091 4102 civi-

244 4199 251 4230 ¹
269 4200 452 4263 ‘Mategriffun
465 4197 477 4260 3'
495 4198 564 4250 ΝΑ,
651 4197 656 4267 Ι
706 4198 716 4226 ²
732 4195 838 4260 ‘victos
850 4200 889 4247 M.
900 4202 924 4246 et
937 4197 984 4246 Ar.
