2940 4950
407 458 474 522 284
767 474 842 521 nic.
866 472 1016 521 rnrvnrr

409 635 443 696 in
464 635 705 715 imperatorem
729 631 981 708 Romanorum,
1000 631 1060 714 qui
1085 651 1176 696 anno
1195 633 1317 698 eodem
1336 635 1370 697 in

408 752 523 814 regem
558 731 774 795 Alemanniae
806 730 1008 794 solemniter
1036 741 1233 799 coronatur.
1298 733 1369 796 Ed·

268 809 336 888 ’ῗωί
407 833 546 896 wardus
568 831 603 892 in
626 830 748 894 Acbon
778 829 1054 895 Christianorum
1081 839 1117 895 et
1139 832 1367 896 Tartarorum

299 910 326 939 ⁸¹¹
342 926 349 937 ’
408 932 540 996 anxilio
555 930 685 994 diutins
701 930 829 994 frustra
844 939 1042 1012 expectato,
1060 931 1190 995 relictis
1201 932 1246 996 ad
1264 940 1367 998 terrae

408 1032 638 1095 defensionem
665 1029 898 1112 stipendiariis
926 1030 1114 1107 nonnullis,
1136 1051 1244 1096 naves
1267 1053 1368 1115 repa-

408 1133 578 1196 triaturus
617 1120 822 1212 ingrediens,
873 1149 978 1193 cursu
1023 1130 1172 1195 velivolo
1212 1131 1366 1196 Siciliam

409 1251 518 1314 usque
553 1231 729 1313 pervenit;
763 1231 822 1292 ubi
853 1249 875 1293 a
907 1249 990 1311 rege
1021 1229 1149 1295 Carolo
1176 1231 1366 1296 honorifice

409 1339 604 1413 susceptus,
620 1349 698 1393 cum
719 1348 780 1411 per
795 1329 869 1392 dies
886 1330 1034 1412 aliquos,
1059 1330 1234 1395 recreandi
1250 1332 1366 1413 gratia

409 1450 446 1493 se
461 1439 497 1494 et
511 1449 606 1505 suos,
629 1429 861 1505 remansisset,
881 1448 1036 1493 rumores
1060 1431 1171 1512 primo
1187 1430 1231 1494 de
1255 1440 1367 1496 morte

409 1530 462 1593 sui
482 1529 543 1593 filii
565 1529 722 1604 Henrici,
748 1548 790 1593 ac
811 1529 1031 1612 postmodum
1055 1528 1098 1593 de
1121 1538 1232 1593 morte
1254 1532 1366 1614 putris

408 1630 553 1711 accepit.
607 1627 677 1707 Qui
702 1628 782 1691 dnm
806 1635 951 1692 mortem
975 1629 1086 1711 patris
1107 1631 1235 1693 auxius
1258 1649 1364 1714 quam

268 1714 309 1741 ‘'
408 1728 469 1791 filii
498 1729 690 1811 plangeret,
717 1747 739 1791 a
766 1748 847 1810 rege
873 1727 1000 1793 Carolo
1031 1728 1105 1792 vice
1135 1728 1366 1795 consolatoris

241 3852 348 3891 Edward's

241 3903 361 3941 bomewurd

239 3963 341 4001 progresr.

407 1829 591 1892 assistente
621 1827 874 1911 plurimumque
904 1829 1051 1892 mirante
1080 1847 1186 1912 super
1213 1829 1280 1895 boc
1310 1851 1365 1894 re·

406 1926 567 2010 quisitus,
588 1927 715 1991 dicitur
740 1927 969 2010 respondisse,
996 1927 1178 1992 Jacturam
1212 1928 1364 1995 filiorum

406 2027 553 2104 facilem,
577 2046 654 2090 cum
683 2027 811 2091 cotidie
837 2026 1134 2109 multiplicentur3
1164 2029 1364 2094 irremedia-

407 2128 508 2191 bilem
526 2147 609 2192 vero
626 2147 702 2190 esse
720 2136 899 2209 parentum
922 2133 1078 2203 mortem,
1101 2127 1162 2210 qui
1184 2138 1365 2211 nequeunt

406 2228 605 2291 restaurari.
664 2227 824 2309 Denique
853 2227 1084 2291 discedentem
1111 2226 1258 2292 conduci
1281 2229 1364 2295 fecit

405 2347 468 2410 per
485 2326 648 2391 Carolnm
671 2325 779 2390 filium
800 2346 914 2403 snum,
936 2346 1047 2409 usque
1069 2327 1113 2390 ud
1134 2327 1278 2391 ultimos
1296 2337 1364 2393 ter·

406 2429 517 2491 minos
545 2427 642 2508 regni
671 2427 737 2489 sui.
790 2426 876 2492 Cum
905 2434 1022 2490 autem
1049 2427 1094 2490 ud
1118 2426 1361 2494 Urbem-vete·

405 2547 490 2603 rem,
525 2528 584 2590 ubi
618 2545 710 2608 papa
732 2546 810 2590 cum
838 2545 903 2589 sua
925 2527 1021 2590 curia
1047 2526 1232 2604 residebat,
1255 2528 1360 2593 adve-

406 2627 525 2702 nisset,
561 2626 818 2690 0ccurrentibus
863 2626 894 2689 ei
937 2626 1167 2690 cardinalibus
1202 2629 1361 2692 omnibus

405 2747 483 2790 cum
509 2726 636 2790 bonore
663 2727 828 2802 maximo,
860 2726 903 2789 ad
932 2726 1061 2789 domini
1084 2745 1185 2809 papae
1208 2713 1358 2810 praesen·

406 2828 490 2889 tiam
516 2834 570 2890 est
604 2825 783 2890 deductus.
847 2824 914 2889 Cui
935 2846 1041 2908 super
1067 2833 1177 2890 morte
1211 2847 1360 2892 consan-

405 2926 522 3007 guinei
545 2927 599 2988 sni
621 2924 766 2990 Henrici
793 2925 836 2989 de
860 2925 1066 2989 Alemannia
1089 2926 1230 2990 anxiam
1254 2926 1360 3010 depo-

404 3027 475 3089 suit
491 3025 760 3107 querimoniam3
784 3044 899 3107 quem,
921 3045 990 3089 non
1013 3024 1114 3089 modo
1135 3026 1171 3089 in
1192 3026 1360 3092 offensam

399 3125 489 3208 juris
520 3125 672 3201 hnmani,
703 3145 726 3187 a
756 3123 918 3188 Gnidone
941 3125 984 3189 de
1014 3124 1249 3204 Monte-forti,
1277 3127 1359 3191 dnm

404 3226 584 3287 missarum
618 3225 793 3289 solemniis
823 3225 1013 3299 assisteret,
1046 3226 1232 3289 constabat
1253 3226 1360 3292 inter·

403 3324 542 3402 sectum,
566 3325 626 3387 sed
650 3326 686 3387 in
710 3331 944 3407 contemptum
967 3318 1134 3401 ecclesiae,
1152 3332 1188 3388 et
1210 3327 1357 3390 scanda-

403 3425 474 3488 lum
501 3424 649 3488 nominis
678 3423 876 3488 Christiani.
931 3423 1030 3506 Papa
1052 3423 1160 3504 igitur
1182 3422 1237 3488 his
1265 3445 1358 3490 com·

404 3532 519 3588 motus
564 3523 757 3587 Gnidonem
806 3522 1130 3600 excommunicavit,
1170 3543 1357 3609 omnesque

402 3644 480 3687 eum
507 3632 746 3706 receptantes;
787 3632 822 3687 et
852 3643 1032 3705 quousque
1066 3623 1220 3687 ecclesiae
1254 3627 1358 3690 satis·

403 3724 510 3800 fieret,
529 3733 639 3787 terras
655 3743 772 3787 eornm
791 3725 976 3806 supposuit
990 3723 1183 3787 interdicto.

455 3824 643 3887 Discedens
665 3824 811 3905 denique
836 3843 898 3886 rex
920 3823 1111 3886 Edwardns
1132 3842 1155 3886 a
1177 3824 1275 3888 curia
1296 3844 1358 3907 per

403 3924 562 3987 civitates
593 3922 708 3987 Italiae
733 3922 963 4005 progreditur,
992 3923 1120 4005 ubique
1150 3932 1312 4007 receptus
1337 3946 1358 3990 a

402 4024 535 4086 civibus
565 4043 643 4086 cum
680 4023 808 4103 gaudio
840 4023 992 4087 maximo
1025 4022 1225 4088 ethonore.
1278 4018 1358 4089 ¹In·

401 4143 562 4203 gressum
584 4130 696 4186 autem
731 4122 940 4186 Sabaudiam
971 4122 1107 4205 praelati
1134 4141 1175 4186 ac
1198 4143 1359 4206 proceres

749 4280 756 4312 ¹
774 4278 949 4346 ‘Ingressuss
962 4284 1001 4334 Μ.
