2948 4942
335 459 379 523 42
697 469 934 520 nierarvnrr

336 637 418 693 runt
440 629 513 693 fieri
536 629 663 711 pluviae
682 627 844 703 insolitae,
865 646 944 709 quae
970 626 1205 708 impediebant
1220 627 1295 692 eol-

336 729 518 793 leotionem
558 729 730 804 messium,
768 733 803 790 et
838 727 1089 807 subsequenter
1118 726 1295 790 seminum

336 828 561 910 sparsionem,
599 847 745 910 quarum
781 825 1075 901 inundationibus,
1112 826 1196 907 quia
1227 824 1294 888 diu

336 927 518 1003 durabant,
544 927 662 989 multae
694 934 806 989 turres
831 931 867 987 et
893 922 1047 987 ecclesiae
1071 931 1109 987 et
1133 924 1295 1006 antiquae

338 1027 492 1090 materiae
504 1026 541 1088 in
556 1024 771 1089 Normannia
787 1030 822 1086 et
835 1022 966 1103 Augiia
980 1029 1194 1086 corruerunt.

391 1124 593 1187 Frederious
626 1125 813 1205 imperator
847 1121 950 1184 duxit
982 1120 1089 1184 filiam
1120 1118 1296 1185 willelmi

340 1221 619 1298 MatiscouensiS,
644 1221 818 1303 accipiens
843 1239 921 1282 cum
944 1237 986 1282 ea
1010 1220 1130 1282 urbem
1155 1218 1296 1284 vesen-

338 1322 478 1397 tionem,
496 1328 531 1384 ot
548 1321 676 1383 multas
699 1320 786 1383 alias
808 1317 980 1382 civitates.
1031 1317 1209 1394 Conanm,
1233 1336 1298 1382 eo-

338 1440 410 1483 mes
446 1419 720 1494 Richemundiae,
758 1417 801 1480 de
833 1416 964 1498 Anglia
1000 1416 1037 1478 iu
1073 1416 1296 1480 Britanniam

338 1520 493 1594 veniens,
519 1520 612 1601 oepit
634 1518 751 1580 urbem
773 1516 1026 1592 Redonensem,
1046 1514 1193 1597 expulso
1219 1515 1297 1579 Eu·

338 1616 426 1679 done
454 1618 513 1697 qui
537 1611 697 1679 ¹vitrious
725 1634 809 1678 suns
834 1621 921 1690 orat,
949 1633 1052 1695 quem
1083 1633 1153 1678 non
1179 1614 1299 1679 multo

338 1722 418 1796 post
436 1723 510 1778 tota
526 1715 597 1777 fere
616 1714 799 1777 Britannia
813 1714 848 1775 in
870 1731 971 1776 suum
992 1712 1114 1776 ducem
1135 1710 1296 1778 admisit.

339 1813 436 1875 Obiit
453 1811 683 1893 Adalulphus,
700 1813 884 1894 episcopus
899 1810 1030 1893 primus
1045 1810 1208 1875 Garleoli.

375 2033 400 2068 D.
413 2034 438 2068 N.
450 2035 470 2069 J.
481 2034 504 2069 0.
592 2034 614 2070 Ρ.
627 2034 789 2069 Romanorum
803 2034 828 2069 n.
926 2033 1079 2068 mauman!
1126 2033 1271 2071 ΛΝΘωΙΰΙ

606 2180 630 2225 d.
767 2180 792 2224 2.
810 2181 834 2224 b.
979 2180 1020 2225 2⁰.
1188 2178 1216 2225 8.

391 2295 477 2359 Rnx
491 2296 617 2361 Siciliae
629 2297 827 2361 Willelmus
839 2298 956 2361 navali
968 2297 1189 2380 expeditione
1201 2300 1304 2381 oepit

342 2415 403 2477 per
435 2395 632 2460 admiralios
663 2415 745 2458 suos
772 2397 949 2459 civitatem
975 2389 1162 2471 ²Sibillam,
1189 2397 1302 2461 sitam

342 2494 432 2557 inter
447 2487 627 2557 ³Affricam
637 2502 673 2556 et
690 2494 914 2575 Babylonem.
966 2494 1031 2558 Est
1044 2502 1159 2559 autem
1173 2495 1301 2561 eadem

343 2592 466 2655 civitas
482 2598 588 2672 eaput
602 2591 701 2672 regni
722 2592 845 2656 insulae
866 2586 993 2674 ⁴Gerp,
1016 2594 1051 2656 in
1076 2611 1180 2675 qnam
1204 2593 1302 2660 idem

344 2708 407 2751 rex
431 2687 644 2752 habitatores
660 2689 874 2755 Christianos
895 2693 1048 2768 immisit,
1073 2698 1108 2755 et
1125 2691 1302 2776 archiepi-

181 2808 301 2849 nnmrn-
344 2806 487 2868 scopum
526 2786 577 2850 eis
613 2788 778 2870 praesecit.
834 2789 987 2854 Sabbato
1026 2790 1117 2853 iufra
1152 2798 1305 2857 octavas

182 2858 313 2948 didit*
347 2885 491 2949 Paschae
531 2887 567 2949 iu
605 2886 689 2950 villa
734 2888 883 2969 quadam
921 2890 1003 2970 pagi
1036 2884 1302 2969 ⁵Abrincarum,

182 2959 311 2998 mh*
346 2984 406 3065 qui
430 2985 536 3047 estin
563 2984 791 3063 Normannia,
817 2995 938 3050 contra
960 2987 1135 3051 meridiem
1156 2991 1304 3055 emersit

346 3083 446 3164 quasi
472 3085 573 3147 turbo
595 3084 734 3166 quidam
762 3086 805 3148 de
829 3095 933 3162 terra,
959 3105 1106 3169 quaeque
1138 3088 1305 3169 proxima

345 3183 484 3264 rapiens
506 3191 541 3245 et
558 3183 748 3260 involvens,
771 3184 813 3248 ad
838 3185 995 3248 ultimum
1018 3186 1118 3267 quasi
1137 3185 1303 3268 quaedam

345 3281 505 3345 columna
525 3282 621 3345 rubei
645 3290 680 3345 et
694 3283 832 3347 caerulei
853 3284 977 3346 coloris
999 3285 1119 3363 stetit;
1143 3285 1207 3347 suh
1224 3293 1303 3349 tnr-

346 3382 425 3445 bine
442 3402 522 3445 vero
541 3381 747 3445 ascendente
764 3383 798 3445 in
812 3381 958 3446 sublime
972 3383 1076 3445 etiam
1094 3383 1307 3448 videbantur

345 3481 642 3562 audiebanturque
667 3481 768 3562 quasi
787 3480 917 3544 lanceae
939 3489 975 3545 et
997 3481 1137 3562 sagittae
1158 3483 1193 3544 in
1220 3483 1305 3564 ipsa

346 3578 506 3641 columna
536 3579 675 3659 configi,
700 3580 857 3660 quamvis
882 3581 962 3661 quis
984 3581 1135 3661 agitaret
1156 3598 1217 3643 eas
1236 3581 1308 3644 mi-

347 3675 439 3737 nime
469 3685 663 3756 appareret.
719 3677 761 3740 Iu
795 3679 932 3742 turbine
962 3698 1057 3755 vero,
1090 3679 1151 3762 qui
1184 3681 1310 3746 stabat

345 3792 450 3854 super
464 3773 654 3850 columnas,
673 3777 774 3856 quasi
790 3777 937 3841 diversae
958 3778 1090 3860 species
1109 3776 1308 3860 volucrum,

382 3993 390 4026 ¹
406 3996 544 4044 ‘nutritius
551 3991 568 4054 ;’
580 3997 649 4048 D'A.
833 4000 886 4049 sore
904 4002 937 4050 ad
960 4016 1064 4050 annum.
1105 4000 1310 4068 ‘Babylonem’

379 4063 390 4096 ²
406 4067 540 4114 ‘Sibellnm
551 4061 566 4125 ;’
577 4067 617 4116 M.
628 4072 653 4115 et
665 4068 711 4116 Ar.
833 4072 933 4132 namely
946 4072 1022 4120 Cairo
1033 4071 1060 4118 in
1074 4071 1175 4133 Egypt3
1187 4065 1258 4121 Μ.

380 4134 390 4164 ²
405 4137 459 4186 'l'he
475 4136 526 4198 city
539 4138 639 4198 namely
656 4137 740 4186 which
757 4139 807 4186 Ro-
868 4139 878 4170 ⁴
895 4137 1007 4202 ‘Grep3’
1022 4142 1059 4190 Μ.
1071 4148 1096 4188 et
1109 4141 1155 4189 Ar.

344 4208 400 4256 bert
407 4207 458 4257 had
470 4207 547 4256 taken
558 4209 584 4255 in
597 4210 670 4257 11⁴9.
707 4209 755 4256 See
764 4210 806 4258 be·
869 4208 879 4237 ⁵
895 4211 1083 4260 ‘Abrincatum
1093 4205 1107 4271 ς’
1120 4210 1167 4259 Ar.
