2940 4950
334 443 402 509 35⁰
692 459 765 508 uic.
781 458 928 509 sarvam

336 637 456 683 eorum
489 615 615 698 sigillis
646 615 811 693 munitas,
838 615 1058 680 continentes
1088 615 1124 678 in
1154 614 1292 682 Gallico

338 717 429 781 bunc
444 724 618 781 tenorem:
633 787 637 796 ⁴

387 817 587 880 ‘Omnibus
613 821 802 899 praesentas
827 814 964 879 litteras
993 814 1122 879 visuris
1152 815 1209 879 vel
1235 835 1292 879 au·

337 915 472 993 dituris,
489 916 647 981 Joannas
664 914 787 979 Gomin
812 914 856 978 de
878 914 1059 991 Badenau,
1077 923 1144 979 etc.
1200 913 1292 994 Quia

337 1016 382 1079 ad
413 1016 515 1079 fidem
548 1024 584 1079 et
622 1015 836 1079 voluntatem
870 1014 1095 1079 illustrissimi
1125 1015 1291 1098 principis

338 1133 380 1179 ac
398 1115 567 1179 carissimi
589 1113 718 1179 domini
739 1114 848 1178 nostri
872 1113 1001 1178 domini
1024 1113 1203 1192 Edwardi,
1222 1115 1291 1179 Dnt

338 1214 454 1296 gratia
476 1214 568 1296 regis
589 1212 741 1296 Augias,
759 1212 887 1278 domini
910 1213 1106 1292 Hiberniae,
1127 1233 1173 1280 ac
1196 1213 1291 1279 ducis

339 1312 540 1396 Aquitaniae
562 1315 743 1391 venimus;
780 1313 1013 1396 promittimus
1037 1333 1102 1396 pro
1128 1315 1233 1379 nobis
1258 1322 1292 1379 ct

339 1413 521 1479 heredibus
551 1413 679 1477 nostris
706 1413 772 1476 sub
806 1432 911 1495 poena
937 1431 1120 1495 corporum
1151 1421 1290 1478 nostro·

340 1533 417 1578 rum
435 1521 471 1578 et
492 1512 696 1577 catellorum
717 1530 758 1576 ac
780 1513 931 1576 omnium
954 1531 1034 1595 quae
1055 1513 1187 1578 babere
1214 1532 1292 1597 pos·

339 1632 470 1690 sumus,
497 1613 589 1696 quod
615 1631 679 1676 nos
705 1611 893 1676 serviemus
914 1612 947 1676 ei
972 1612 1059 1676 bene
1082 1621 1121 1677 et
1144 1612 1294 1678 fideliter

339 1721 461 1777 contra
490 1732 609 1775 omnes
638 1719 758 1795 gentes
784 1729 863 1795 quae
890 1711 1009 1776 vivere
1034 1721 1069 1777 ct
1096 1714 1188 1777 mori
1215 1732 1291 1796 pos·

339 1819 433 1889 sunt,
464 1812 624 1876 omnibus
656 1812 791 1876 vicibus
823 1808 948 1893 quibus
985 1811 1204 1895 requiremur
1236 1812 1290 1878 vel

339 1913 606 1994 praemuniamur
625 1932 687 1995 per
705 1910 916 1975 antedictum
937 1910 1114 1975 dominum
1134 1920 1291 1978 nostrum

341 2031 457 2092 regem
486 2009 639 2093 Angliae‚
670 2010 727 2075 vel
758 2009 900 2074 heredes
929 2029 1023 2088 suos,
1051 2018 1086 2075 et
1112 2012 1207 2094 quod
1231 2032 1292 2077 nos

341 2129 410 2175 non
437 2110 584 2174 sciemus
607 2111 769 2175 damnum
796 2128 927 2188 corum,
961 2111 1044 2193 quin
1070 2110 1156 2175 illud
1185 2113 1292 2195 impe·

341 2209 477 2273 diamus
503 2211 661 2275 omnibus
682 2210 814 2276 viribus
836 2209 975 2286 nostris,
997 2217 1034 2274 et
1058 2229 1120 2274 eos
1142 2230 1292 2294 praemu·

342 2309 495 2388 niemus;
524 2316 560 2374 et
584 2309 628 2373 ad
651 2310 720 2374 ista
741 2309 891 2373 tenenda
907 2317 943 2374 et
961 2310 1136 2375 servanda
1158 2311 1293 2394 obliga·

343 2428 421 2473 mus
454 2428 530 2486 nos,
567 2417 602 2473 et
632 2408 776 2474 heredes
806 2415 955 2485 nostros,
988 2417 1025 2474 et
1054 2410 1173 2474 omnia
1202 2411 1293 2475 bona

343 2516 475 2573 nostra.
551 2507 699 2590 Insuper
732 2516 767 2572 et
796 2508 1005 2591 juravimus,
1038 2509 1143 2574 tactis
1178 2529 1293 2575 sacro-

342 2609 473 2672 sanctis
504 2608 715 2689 cvangeliis3
750 2615 785 2672 et
810 2616 979 2690 praeterea
1010 2627 1073 2672 nos
1110 2628 1233 2674 omnes
1259 2618 1292 2675 et

343 2708 487 2789 quilibet
522 2715 677 2771 nostrum
703 2727 766 2789 pro
793 2727 831 2771 se
854 2708 935 2771 fecit
965 2707 1164 2790 homagium
1201 2710 1293 2776 dicto

343 2807 482 2871 domino
499 2808 573 2889 regi
591 2807 730 2888 Angliee
745 2808 780 2870 in
797 2806 872 2870 haec
889 2808 1013 2870 verba:

245 2931 290 2960 orm
394 2906 492 2986 ‘Ego
520 2913 635 2971 vester
655 2905 759 2970 homo
781 2906 886 2988 ligius
912 2906 1052 2984 efficior,
1077 2906 1233 2986 devita,
1259 2918 1293 2973 et

181 2981 300 3111 ‘'offlam“
343 3006 515 3084 membris,
539 3026 581 3070 ac
605 3015 740 3071 terreno
770 3005 911 3082 bonore,
939 3014 1060 3071 contra
1086 3026 1208 3072 omnes
1236 3009 1291 3073 bo·

343 3104 452 3167 mines
480 3107 539 3187 qui
568 3114 714 3188 possunt
745 3106 861 3170 vivere
889 3114 924 3170 et
949 3107 1056 3170 mori?
1130 3107 1176 3171 Et
1204 3108 1292 3172 idem

342 3204 501 3268 dominus
528 3214 645 3270 noster
670 3225 732 3268 rex
755 3206 884 3288 recepit
910 3205 977 3270 hoc
1005 3206 1207 3288 homagium
1229 3209 1294 3272 sub

342 3304 396 3367 bis
417 3305 555 3369 verbis:
584 3303 679 3368 ‘Nos
701 3304 787 3368 illud
811 3305 994 3387 recipimus
1019 3326 1083 3388 pro
1109 3309 1225 3385 terris,
1253 3309 1294 3371 dc

342 3406 468 3486 quibus
490 3405 574 3468 estis
599 3424 691 3468 nunc
715 3405 835 3482 saisiti,
863 3405 962 3469 salvo
978 3404 1059 3487 jure
1085 3412 1207 3470 nostro
1233 3416 1293 3471 aut

342 3504 496 3580 alterius,
515 3512 551 3568 et
568 3505 724 3586 exceptis
745 3505 846 3568 terris
863 3524 950 3586 quas
967 3504 990 3567 J
993 3523 1125 3569 oannes
1148 3505 1191 3569 de
1210 3507 1292 3571 Bal-

342 3602 423 3666 liolo
450 3603 624 3686 quondam
650 3624 713 3668 rex
735 3602 861 3668 Scotiae
885 3604 983 3667 nobis
1013 3604 1175 3681 contulit,
1201 3614 1291 3688 post·

342 3722 445 3784 quam
487 3722 549 3766 nos
583 3703 615 3766 ei
649 3723 792 3785 regnum
826 3704 953 3768 Scotiae
995 3703 1232 3783 liberavimus,
1262 3707 1291 3770 si

342 3801 430 3866 sorte
458 3802 594 3884 aliquas
616 3810 726 3866 terras
749 3800 867 3867 dedit)
919 3802 1069 3886 Insuper
1085 3824 1150 3868 nos
1176 3825 1294 3870 omnes

341 3907 377 3963 ct
410 3901 539 3982 singuli
571 3908 727 3966 nostrum
759 3921 821 3985 pro
848 3921 886 3966 se
916 3903 1058 3967 lecimus
1090 3904 1293 3970 fidelitatem

340 3998 479 4063 domino
513 4009 643 4078 nostro,
682 4002 757 4083 regi
789 4002 967 4083 praedicto,
1001 4003 1037 4066 in
1067 4003 1122 4067 bis
1153 4006 1291 4070 verbis:

340 4099 434 4162 ‘Ero
461 4098 582 4177 fidelis,
607 4100 740 4182 legalis,
768 4100 1039 4184 fidelitatemque
1069 4109 1105 4166 et
1137 4103 1294 4187 legalita-

340 4205 409 4261 tem
438 4201 585 4264 servabo
614 4200 786 4266 Edwardo
818 4203 891 4284 regi
921 4201 1073 4286 Angliae,
1098 4211 1134 4267 et
1164 4205 1293 4270 beredi-
