2940 4950
501 421 684 471 ANNALES.

400 884 616 946 luclPIUNT
638 889 765 948 GESTA

460 1088 704 1160 RIOARDI

345 1288 495 1354 REGIS
523 1289 824 1370 ANGLORUM,

111 1612 172 1692 Qui
185 1610 334 1676 socundus
350 1619 417 1674 orci
430 1631 534 1675 eorum
549 1632 662 1697 repom,
678 1612 732 1697 qui
748 1633 769 1675 o
784 1609 942 1677 comitibus
954 1613 1057 1677 Ande

190 1709 371 1797 pooeusidos
394 1711 547 1776 ducommt
570 1713 727 1799 oripirrom,
754 1712 918 1777 muudum
944 1712 1060 1778 liceum

192 1811 407 1876 masculinam.

1072 2011 1171 2051 succeeds
1181 2009 1214 2048 hir

125 1962 243 2069 w:
275 1965 527 2042 fleamus,
546 1986 661 2031 comes
679 1965 950 2042 Pictavensium,
967 1968 1058 2049 patri
1072 1958 1165 2002 ΝΟΜ
1178 1959 1196 1998 ¹·

110 2358 247 2424 ferant
279 2362 448 2426 ordinata.
501 2361 566 2425 Cui
600 2360 782 2442 Philippus
812 2381 875 2425 rex
902 2361 1061 2426 civitates

109 2456 345 2525 Turonensem
365 2469 400 2524 et
417 2460 735 2526 cenomannensem
756 2459 915 2538 reddidit,
936 2461 1061 2525 castel-

109 2556 249 2640 lumque
274 2560 451 2642 Radulphi
473 2579 550 2623 cum
575 2567 649 2624 toto
675 2558 785 2622 feodo.
840 2558 1063 2642 Quapropter

110 2677 171 2720 rex
190 2658 361 2723 Ricardus
376 2661 450 2741 regi
465 2659 676 2723 Francorum
693 2658 830 2722 feodum
846 2652 1009 2734 'Teriati
1026 2668 1062 2724 et

111 2758 227 2821 omnia
255 2779 333 2841 quae
360 2759 508 2823 habebat
535 2759 569 2823 in
597 2757 776 2835 Alvernia,
798 2758 925 2822 dicitur
951 2760 1062 2842 quiet·

111 2874 213 2933 asse;
249 2866 296 2936 et,
330 2860 412 2941 quia
441 2866 521 2940 post
550 2864 747 2939 susceptam
775 2877 908 2921 crucem
941 2866 1063 2923 contra

111 2964 243 3036 patrem
267 2977 363 3022 arma
386 2965 552 3034 moverat,
580 2956 673 3039 apud
702 2955 842 3038 Sagium
874 2958 917 3020 ab
947 2957 1060 3021 archi-

111 3054 282 3137 episcopis
300 3056 572 3137 Rothomagansi
593 3064 628 3120 et
646 3055 851 3119 Treverensi
873 3057 1060 3120 absolutio

112 3153 164 3215 nis
193 3154 393 3218 beneficium
421 3155 521 3236 petiit
546 3162 582 3218 et
605 3154 745 3236 recepit.
799 3154 887 3217 Inde
916 3154 1062 3218 tendens

113 3250 382 3335 Rothomagum,
399 3253 524 3318 ibidem
546 3254 590 3316 ab
615 3252 872 3334 archiepiscopo
897 3253 1014 3335 gladio
1028 3263 1063 3318 et

111 3353 241 3416 vexillo
257 3353 405 3417 ducatus
423 3353 645 3417 Normanniae
660 3351 856 3433 insignitur.
909 3352 955 3415 Et
971 3352 1062 3430 inde,

111 3452 278 3516 ordinatis
307 3454 408 3517 rebus
442 3453 479 3516 in
511 3451 737 3527 Norrnannia,
768 3449 995 3515 transfretans
1026 3453 1062 3515 in

112 3549 288 3633 Angliam,
317 3553 407 3635 apud
431 3552 645 3617 Wintoniam
668 3552 704 3613 in
727 3550 781 3614 die
805 3550 1062 3634 Assumptionis

112 3650 268 3732 Virginis
291 3653 463 3734 gloriosae,
490 3662 526 3716 et
548 3651 641 3734 apud
657 3650 1004 3715 Wcstmonasterium
1026 3653 1062 3715 in
1073 3646 1212 3743 ξξζξζᾱῗῐῃκ

110 3749 165 3813 die
189 3751 223 3815 S.
240 3751 382 3833 AEgidii,
406 3760 564 3834 receptus
587 3759 641 3816 est
664 3770 742 3815 cum
765 3751 982 3833 processione
1005 3746 1174 3839 suffigi]

111 3849 225 3914 lemni.
279 3853 345 3915 Die
372 3872 454 3916 vero
480 3853 582 3916 tertia
604 3849 774 3933 sequenti,
799 3870 878 3934 quae
901 3850 966 3914 suit
990 3847 1161 3914 Do·⁸‘¹’‘·³’

101 3949 249 4028 minius,
279 3952 440 4015 inunctus
473 3959 526 4015 est
558 3951 757 4015 solemniter
789 3951 825 4013 in
860 3969 986 4029 regem,
1018 3968 1063 4012 ex

147 4137 156 4169 ¹
173 4141 181 4167 ‘
193 4148 365 4190 consummata
382 4147 421 4190 cst
437 4156 498 4203 pax,
515 4134 573 4202 dua
585 4135 681 4255 *primo
692 4142 776 4190 tuerat
787 4139 902 4188 ordinata
909 4134 924 4199 ς’
936 4139 975 4186 Μ.
985 4141 1009 4186 et
1018 4137 1065 4186 Ar.

112 4210 177 4258 inter
200 4224 284 4272 regem
303 4211 367 4260 Re
435 4215 496 4260 trem
518 4212 575 4274 ejus
638 4208 796 4260 '‘Traciati
807 4205 821 4270 3’
834 4210 872 4258 M.
884 4213 908 4258 et
919 4207 966 4258 Ar.
