2940 4950
567 454 753 505 aurnuns.
1096 440 1140 505 85

185 611 257 674 lum
276 618 311 674 et
331 610 491 676 licentius
516 615 677 691 evaserit,
704 614 906 698 periculum,
931 614 1024 696 quod
1051 615 1264 684 interranu-

184 730 353 795 pauperes
374 731 464 776 nunc
480 722 648 790 versatur,
673 716 800 779 nostris
823 716 859 778 in
883 715 1042 796 proximo
1064 735 1137 779 cer·
1151 694 1298 793 lddllff.

187 812 320 874 vicibus
336 810 537 877 imminebit.
580 812 737 878 Ecclesia
748 815 1022 899 jurisdictionem
1039 833 1137 878 suam
1150 795 1219 834 Μ’

187 912 284 992 prius
301 918 474 989 exerceat,
491 920 527 976 et
539 913 570 976 si
590 913 652 977 illa
674 932 743 977 non
766 912 905 991 sufficit,
923 913 998 998 ejus
1015 915 1138 997 imper-

186 1010 313 1075 fectum
341 1011 502 1094 suppleat
529 1012 665 1095 gladius
695 1013 882 1077 saecularis.
940 1013 1060 1098 Hujus
1089 1013 1138 1078 rei

188 1111 377 1174 auctoritas
399 1131 443 1175 ex
471 1113 604 1195 synodo
630 1113 765 1177 Urbani
787 1131 901 1196 papae,
928 1133 972 1176 ex
1000 1114 1138 1177 decreto

189 1209 362 1292 Gregorii,
385 1230 429 1274 ex
452 1212 598 1293 epistola
623 1211 786 1276 Nicholai
808 1213 978 1297 episcopis
1003 1211 1138 1277 Gallia·

187 1330 276 1387 rum,
295 1304 356 1374 ¹ex
372 1309 518 1374 concilio
536 1311 639 1374 etiam
656 1311 801 1376 Martini
816 1331 930 1396 papae,
943 1320 979 1376 et
994 1332 1038 1376 ex
1055 1330 1139 1376 con·

187 1409 266 1474 cilio
281 1409 546 1492 Carthaginensi
566 1412 680 1489 tertio,
696 1419 789 1476 etex
807 1411 925 1475 multis
940 1418 1137 1475 sanctorum

188 1518 325 1592 patrum
353 1511 627 1575 institutionibus
651 1511 836 1575 emanavit.
889 1510 966 1575 Nec
991 1510 1138 1588 dicatur,

188 1611 279 1692 quod
298 1610 422 1692 aliquis
438 1610 491 1673 bis
507 1612 671 1693 puniatur
685 1618 826 1693 propter
841 1610 906 1674 hoc
923 1610 957 1673 in
976 1611 1137 1693 idipsum,

187 1728 250 1774 nec
268 1711 357 1773 enim
377 1709 538 1774 iteratum
556 1717 621 1785 est,
645 1709 737 1793 quod
756 1711 799 1774 ab
824 1721 902 1774 uno‘
914 1710 1088 1793 incipitur,
1104 1719 1139 1775 et

188 1810 231 1873 ab
257 1809 367 1873 altero
397 1819 663 1874 consummatur.
718 1809 799 1874 Duo
821 1817 903 1874 sunt
929 1810 1049 1893 gladii,
1078 1811 1138 1893 qui

187 1917 343 1972 mutuum
371 1927 392 1972 a
414 1928 451 1972 se
473 1910 669 1973 mendicant
692 1909 872 1988 auxilium,
894 1917 999 1993 atque
1016 1911 1059 1974 ad
1085 1910 1138 1974 in·

188 2008 297 2071 vicem
320 2009 386 2070 sibi
409 2009 500 2072 vires
522 2009 766 2090 impertiuntur
789 2008 952 2086 alternas,
978 2010 1138 2074 sacerdo·

189 2107 274 2169 tium
291 2108 428 2188 regibus
443 2113 478 2169 et
492 2107 728 2171 sacerdotibus
745 2127 900 2188 regnum.
933 2108 1034 2172 Unde
1049 2110 1079 2171 si
1095 2111 1139 2173 ab

189 2206 298 2269 altero
321 2205 502 2288 suppletur
525 2204 666 2268 alterius
689 2204 941 2281 insufficientia,
963 2226 1032 2271 non
1048 2207 1139 2271 vide-

189 2312 248 2369 tur
261 2304 390 2387 duplex
410 2304 571 2368 contritio
589 2312 624 2368 et
640 2305 774 2387 punitio
788 2305 995 2370 combinata.
1047 2305 1139 2370 Nam

188 2412 223 2468 et
247 2405 296 2467 illi
326 2405 386 2487 qui
420 2405 463 2467 ad
494 2404 615 2467 mortis
643 2403 836 2487 patibulum
864 2412 946 2469 sunt
972 2405 1139 2482 damnati,

183 2505 289 2589 juxta
307 2504 574 2586 Magantinense
591 2503 786 2578 concilium,
804 2510 988 2586 antequam
1006 2504 1049 2567 ad
1068 2512 1139 2568 tor-

188 2612 303 2669 menta
318 2605 500 2680 ducantur,
518 2623 581 2686 per
595 2603 709 2667 cordis
722 2603 961 2667 contritionem
980 2610 1014 2667 et
1029 2605 1140 2686 poeni-

187 2705 329 2768 tentiam
353 2702 578 2786 spiritualiter
600 2703 801 2785 puniuntur,
824 2723 886 2766 nec
901 2703 1139 2786 duplicitatem

188 2805 403 2868 contritionis
427 2802 582 2882 inducit3
608 2803 668 2866 sed
686 2803 843 2885 quaedam
860 2803 1070 2885 praeparatio
1087 2812 1141 2868 est

188 2904 231 2968 ad
248 2911 391 2967 mortem
405 2897 640 2985 ²poenitentia,
656 2910 691 2967 et
704 2902 941 2966 satisfactione
957 2922 1035 2985 quae
1051 2922 1141 2986 prae·

189 3003 291 3067 cedit.
335 3003 558 3067 ‘Reddentes
580 3002 688 3084 igitur
711 3002 791 3066 Duo
807 3021 885 3083 quae
902 3002 973 3065 Dnt
992 3010 1086 3076 sunt,
1104 3010 1140 3066 et

188 3121 266 3184 quae
290 3102 440 3166 Caesaris
466 3094 639 3178 Caesari,'³
657 3102 765 3185 juxta
786 3100 986 3183 petitionem
1009 3102 1139 3165 domini

188 3201 293 3283 regis,
323 3201 355 3263 ei
384 3207 557 3264 tantorum
585 3201 773 3264 vindictam
803 3219 1008 3263 excessuum
1035 3200 1139 3263 relin-

188 3320 345 3384 quamus.
399 3299 484 3363 Reis
502 3306 616 3363 autem
639 3300 674 3363 in
698 3299 820 3363 mortis
842 3298 989 3363 articulo
1011 3300 1140 3363 consti·

188 3402 286 3477 tutis,
301 3400 384 3483 quia
400 3399 606 3463 sententiam
623 3399 687 3463 lati
705 3399 848 3463 canonis
864 3398 1092 3475 incurrerunt,
1109 3399 1139 3462 si

188 3501 439 3565 absolutionem
463 3499 727 3582 postulaverint,
751 3499 837 3562 etin
859 3497 924 3562 hoc
940 3506 974 3562 et
988 3498 1025 3560 in
1049 3497 1139 3575 aliis,

187 3609 355 3684 quantum
373 3618 556 3683 possumus
573 3599 647 3662 siue
663 3596 827 3663 scandalo
845 3604 880 3662 et
894 3597 969 3661 siue
986 3597 1139 3680 periculo

188 3701 355 3779 ecclesiae,
392 3699 616 3763 humanitatis
652 3697 832 3763 consilium
874 3696 1139 3762 misericorditer

187 3801 438 3883 impendamus.
491 3798 635 3863 Publice
652 3817 801 3881 namque
820 3798 974 3876 interest,
992 3805 1032 3861 ut
1048 3790 1139 3861 ⁴ma-

188 3900 302 3965 teriali
319 3900 435 3981 gladio
452 3898 688 3975 cohibeantur,
704 3899 763 3980 qui
786 3918 849 3962 nec
873 3897 985 3963 Dnuu
1005 3897 1139 3972 timent,

225 4100 312 4152 'This
334 4103 420 4153 clause
447 4103 470 4152 is
495 4103 599 4153 omitted
625 4103 651 4152 in
711 4099 1002 4153 ⁸S.Matth.xxii.al.

190 4169 259 4271 ¹7:42
267 4243 363 4304 previa
376 4239 548 4305 poenitentia3’
567 4239 634 4292 ΠΛ.
714 4239 723 4269 ⁴
739 4233 889 4301 ‘naturali3'
903 4236 972 4290 D'A.
