2940 4950
574 477 758 527 ιιιιιιιιιε.
1076 459 1142 525 297

186 635 264 698 nmt
277 633 419 699 subhac
434 632 560 700 sorma.
585 634 746 699 vrdehcet
758 633 852 716 quod
868 635 1141 718 omncscaptrvr
1154 650 1281 690 nonde

187 753 277 817 quos
303 733 469 798 hactenns
496 735 628 799 ratione
651 736 742 816 regis
765 730 906 815 Angliae
930 734 1114 799 detinuit
1104 756 1139 798 m
1154 701 1243 800 dssao'ff

188 833 348 911 vinculis,
375 834 576 917 simpliciter
596 840 632 900 et
653 835 727 897 sine
747 834 840 898 omni
860 833 1032 899 calumnia
1056 835 1139 899 libe·

186 942 358 1001 rarentur.
411 933 501 999 Item
528 953 590 1015 pro
613 953 699 1016 pace
720 941 756 998 et
782 934 1023 998 benevolentia
1048 936 1140 1016 regis

186 1030 346 1098 habenda
362 1033 462 1098 daret
477 1033 731 1116 quinquaginta
745 1033 853 1097 millia
869 1033 1034 1097 librarum
1051 1044 1139 1099 ster-

186 1132 373 1214 lingorum,
390 1153 537 1217 quorum
557 1142 673 1199 tamen
696 1133 824 1197 solutio
847 1134 883 1197 in
910 1134 1088 1198 voluntate
1106 1142 1142 1199 ct

186 1233 304 1314 gratia
333 1235 424 1314 regis
453 1232 552 1300 soret.
623 1232 712 1297 Item
743 1233 837 1316 quod
865 1241 957 1297 terra
992 1243 1142 1316 quatuor

188 1333 430 1398 cantredorum
454 1332 529 1397 sine
554 1334 648 1397 omni
676 1332 948 1397 contradictione
974 1335 1047 1414 regi
1069 1331 1141 1398 An·

188 1431 270 1515 gliae
296 1439 332 1497 et
354 1434 426 1497 suis
455 1432 649 1510 heredibnS,
668 1452 746 1496 cum
767 1433 926 1496 omnibus
949 1432 1049 1497 terris
1062 1453 1141 1497 con·

188 1533 327 1615 quisitis
355 1552 416 1616 per
447 1552 564 1615 regem
592 1533 815 1614 hominesque
839 1534 964 1614 regina,
994 1541 1142 1617 excepta

185 1630 301 1697 insula
322 1630 522 1715 Angleseia,
544 1634 579 1698 in
606 1639 807 1714 perpetuum
831 1640 1033 1697 remaneret.
1084 1633 1141 1697 In-

188 1730 267 1796 sula
297 1733 388 1797 enim
415 1730 604 1815 Angleseia
631 1751 796 1796 concessa
826 1740 879 1797 est
906 1732 1065 1815 principi,
1091 1734 1141 1798 ita

187 1830 282 1915 qnod
303 1832 420 1898 solvat
443 1853 507 1916 pro
527 1852 570 1897 ea
591 1832 737 1914 singulis
756 1833 857 1896 annis
880 1833 973 1896 mille
992 1851 1139 1911 marcas,

187 1950 334 2013 quarum
365 1933 491 1997 solutio
524 1932 720 2015 incipienda
741 1940 817 1997 erat
839 1933 875 1995 in
906 1933 995 1997 sesto
1027 1935 1139 1998 sancti

186 2029 370 2096 Michaelis
394 2033 554 2115 proximo
576 2041 660 2096 tunc
680 2032 862 2096 instantis:
895 2051 958 2114 pro
978 2032 1138 2113 ingressu

186 2150 270 2195 vero
303 2132 455 2216 quinque
485 2132 595 2197 millia
626 2150 818 2196 marcarum
850 2132 958 2196 daret.
1034 2132 1080 2197 Et
1107 2133 1138 2197 si

187 2232 347 2315 princeps
370 2233 445 2298 sine
466 2232 591 2297 herede
616 2231 660 2295 de
682 2252 746 2296 suo
769 2250 913 2313 corpore
935 2240 1137 2307 moreretur,

186 2330 303 2396 insula
321 2331 384 2396 iila
404 2332 440 2396 in
458 2333 549 2415 regis
571 2330 711 2414 Angliae
729 2332 980 2415 possessionem
999 2331 1136 2397 rediret.

188 2428 280 2496 Item
297 2430 390 2514 quod
412 2433 571 2515 princeps
591 2433 724 2497 veniret
746 2433 782 2495 in
805 2430 927 2495 Natali
944 2430 1086 2494 Domini
1101 2433 1136 2495 in

185 2528 354 2613 Angliam
370 2530 415 2596 ad
437 2552 565 2615 regem,
580 2552 644 2615 pro
659 2531 821 2614 homagio
838 2530 1005 2595 faciendo.
1047 2531 1137 2595 Item

187 2631 280 2713 quod
307 2632 423 2697 omnia
450 2632 612 2715 homagia
643 2632 783 2698 Wailiae
806 2639 1021 2696 remanerent
1051 2632 1137 2713 regi,

187 2737 420 2815 praeterquam
451 2734 630 2809 baronum,
668 2733 728 2815 qui
765 2733 800 2795 in
839 2732 989 2796 confinio
1020 2731 1138 2796 Snow-

186 2830 302 2895 doniae
328 2832 576 2912 morabantur3
618 2851 657 2896 se
684 2833 775 2895 enim
799 2833 987 2914 principem
1012 2851 1138 2897 conve-

187 2929 321 2995 nienter
348 2950 472 2996 vocare
495 2952 564 2996 non
597 2938 725 3013 posset,
760 2932 826 2995 nisi
855 2933 920 2996 sub
943 2952 980 2996 se
1003 2933 1138 3016 aliquos

139 3098 144 3103 ,
185 3031 333 3095 barones
366 3030 519 3097 haberet.
583 3030 671 3095 Item
697 3032 787 3115 quod
821 3052 945 3096 nomen
976 3033 1139 3115 principis

186 3132 324 3196 tantum
344 3130 487 3196 haberet
508 3131 551 3194 ad
575 3131 681 3195 vitam
707 3151 819 3208 suam,
840 3140 874 3196 et
898 3139 1137 3214 postmortem

185 3230 265 3314 ejus
306 3231 459 3315 quinque
498 3231 741 3313 praedictorum
775 3233 942 3295 baronum
977 3231 1139 3312 homagia

185 3331 261 3412 regi
284 3328 424 3412 Angliae
456 3330 590 3408 fierent,
620 3339 656 3394 et
681 3331 753 3394 suis
776 3329 958 3395 heredibus
980 3332 1016 3393 in
1039 3338 1139 3393 aeter-

185 3450 279 3495 num.
332 3430 403 3495 Pro
432 3431 688 3496 assecuratione
709 3431 854 3494 istorum
878 3429 1020 3494 tradidit
1042 3429 1138 3512 prin·

185 3549 269 3612 ceps
289 3522 422 3595 ¹decem
445 3532 584 3597 obsides
611 3531 653 3595 de
680 3529 878 3594 melioribus
901 3529 1040 3594 Walliae
1063 3530 1139 3592 abs·

186 3650 255 3714 que
284 3630 567 3708 incarceratione,
610 3629 888 3709 exheredatione‚
923 3637 958 3694 et
992 3629 1139 3695 termino

184 3730 425 3810 liberationie;
449 3731 549 3795 etde
572 3732 664 3795 omni
687 3732 862 3808 cantredo,
892 3731 992 3795 etde
1019 3730 1140 3794 Snow·

184 3830 301 3908 donia,
330 3831 431 3896 etde
454 3824 622 3895 ²concilio
645 3831 809 3913 principis
832 3831 956 3912 viginti
980 3830 1139 3894 meliores

180 3930 350 4015 jurabant
361 3930 875 4013 tactissacrosanctisreliquiis,
889 3924 1020 4017 ³[qu0d
1032 3948 1140 4012 quan-

186 4029 382 4114 documque
407 4033 567 4113 princeps
601 4029 750 4112 aliquem
780 4030 1023 4111 praedictorum
1056 4028 1140 4091 arti·

222 4211 355 4276 ¹‘duoe;’
367 4214 415 4266 Ar.
427 4219 486 4266 22⁰.
711 4211 781 4261 ’All
792 4214 880 4262 within
892 4211 1009 4261 brackets
1021 4226 1142 4261 arecare·

221 4284 398 4346 Ηιιοιι·ἰ1ἰιι;’
411 4282 480 4336 Μ.
677 4281 966 4345 leulyomittediudr.
