2940 4950
495 476 681 528 inolere.
1000 464 1067 529 259

109 643 230 701 nostro
263 635 337 719 regi
368 635 502 714 demus,
535 655 752 720 nequaquam
789 657 906 701 verum
940 638 1064 703 dicitis.

111 736 217 801 Etsi
245 754 321 814 vos,
352 736 490 801 domine
522 736 651 820 Symon
677 737 720 801 de
750 737 982 816 Monte-sorti,
1011 739 1064 802 vel

112 834 293 929 Gileberte
311 835 354 900 de
375 834 489 913 Clare,
515 835 581 900 hoc
607 837 697 900 idem
719 836 755 899 in
781 838 876 901 curia
897 839 990 920 regis
1007 858 1066 902 vo·

111 935 247 1000 lueritis
280 955 446 1011 asserere,
480 935 594 1019 parati
623 955 742 1000 sumus
774 937 871 1000 vobis
905 957 1064 1002 securum

110 1035 156 1100 ed
182 1034 388 1100 veniendum
408 1035 452 1099 ad
474 1034 602 1100 dictem
627 1037 757 1100 curiam
781 1055 965 1117 procurare
986 1057 1066 1101 con·

111 1135 266 1211 ductum,
289 1140 325 1198 ot
340 1142 468 1199 noetrae
485 1135 691 1199 innocentiae
714 1135 908 1213 veritatem,
926 1144 961 1202 et
978 1138 1065 1201 utri·

113 1253 226 1317 usque
257 1241 409 1297 vestrum
443 1234 535 1298 sicut
562 1234 682 1317 perfidi
712 1234 899 1317 proditoris
928 1234 1066 1299 mendu-

112 1335 217 1411 cium,
233 1332 410 1397 declarare
432 1352 494 1415 per
515 1332 665 1416 aliquem
692 1333 873 1399 nobilitate
890 1341 925 1399 et
940 1354 1066 1416 genere

112 1432 215 1498 vobis
239 1451 369 1516 perem-
419 1431 549 1497 Omnes
576 1453 639 1497 nos
661 1434 814 1497 contenti
838 1453 957 1498 sumus
979 1452 1068 1516 prae-

112 1531 284 1597 dictorum
318 1531 534 1597 dominorum
568 1531 706 1614 sigillis,
744 1531 906 1598 videlicet
936 1533 1067 1598 domini

110 1631 206 1713 regis
221 1628 457 1695 Romanorum
476 1639 512 1695 et
526 1631 655 1696 domini
671 1632 858 1696 Edwardi!

157 1729 487 1814 Appropinquantes
516 1737 631 1795 autern
657 1731 701 1795 ad
729 1730 847 1796 villam
875 1732 917 1796 de
945 1732 1066 1797 Lenes
1078 1750 1198 1840 {sufflo

110 1830 256 1895 comites
278 1830 436 1912 praedicti
460 1830 497 1893 iu
525 1849 627 1893 manu
654 1840 800 1909 armeta,
823 1831 937 1913 regios
962 1834 1067 1897 satel-

112 1929 206 2007 lites,
220 1929 280 2012 qui
297 1949 361 2011 pro
375 1928 592 2012 quaeritando
609 1949 773 2013 equorum
793 1931 921 2014 pabulo
937 1933 1066 2013 egressi

110 2028 263 2106 fueraut,
276 2029 479 2093 invadentes
493 2027 659 2111 plurimos
676 2037 902 2113 peremerunt.
956 2024 1066 2095 ¹Pree·

110 2128 272 2192 muuitus-
287 2146 351 2193 rex
374 2128 418 2193 de
434 2128 588 2192 adventu
608 2130 723 2193 subito
738 2130 901 2194 comitum
919 2135 954 2194 et
969 2132 1067 2195 baro-

111 2246 209 2304 num,
225 2228 365 2293 obviem
386 2230 501 2311 pergit
520 2247 598 2292 cum
622 2228 830 2293 exercituin
856 2236 926 2292 tres
950 2237 1067 2311 partes

111 2327 247 2392 diviso:
271 2346 416 2410 querum
439 2327 559 2410 primae
584 2335 732 2409 praeerat
759 2327 951 2391 Edwardus
975 2329 1067 2409 regis

112 2427 375 2511 primogenitus,
395 2446 474 2492 cum
498 2426 676 2492 Willelmo
700 2426 742 2491 de
762 2426 935 2491 Valentiis
959 2426 1068 2491 Pene-

110 2525 276 2603 brochlae,
306 2533 342 2591 et
373 2525 511 2590 Joanne
548 2526 592 2590 de
625 2525 802 2590 Werennu
841 2526 1000 2609 Surreyae
1031 2533 1068 2590 et

112 2618 305 2702 'semim
334 2626 541 2702 comitibus;
569 2626 729 2690 secuudae
760 2645 821 2690 rex
849 2624 1066 2690 Alemanniee

112 2742 193 2790 cum
223 2724 296 2788 filio
324 2743 389 2788 suo
420 2723 595 2804 Henrico;
639 2727 749 2790 tertiae
782 2744 865 2789 vero
897 2745 959 2789 rex
992 2726 1066 2808 ipse

114 2823 301 2889 Henricus.
354 2824 530 2888 Beronum
553 2844 636 2889 vero
661 2826 834 2889 exercitus
855 2826 890 2888 in
917 2833 1068 2908 quatuor

111 2930 231 3007 portes
261 2922 394 2987 divisus
423 2931 522 2987 erat:
566 2943 711 3006 querum
744 2926 863 3007 primae
892 2924 1067 2989 Henricue

112 3022 158 3087 de
175 3020 397 3087 Monte-sorti
414 3040 491 3086 cum
514 3023 639 3087 comite
656 3023 877 3103 Hersordiee;
905 3023 1066 3088 secundae

113 3120 314 3187 Gilebertus
342 3121 385 3186 de
413 3120 517 3187 Clare
542 3141 620 3185 cum
649 3122 787 3186 Joenne
813 3123 884 3187 filio
907 3123 1066 3199 loannis,

111 3229 150 3287 et
178 3220 355 3285 Willelmo
383 3221 427 3285 de
453 3214 749 3301 Monte-³cunisii3
786 3221 909 3298 tertiae,
937 3223 971 3285 in
996 3240 1066 3303 qua

112 3327 215 3387 erunt
230 3319 500 3396 londonienses,
517 3320 685 3385 Nicoleus
701 3320 744 3384 de
762 3321 936 3402 Segreve;
964 3339 1067 3402 qner-

104 3428 161 3485 ‚tae
177 3420 252 3502 ipse
265 3438 379 3484 comes
393 3419 523 3503 Symon
539 3439 615 3483 cum
634 3420 770 3485 Thoma
792 3421 835 3483 de
859 3417 1066 3483 Pelvestone

111 3518 335 3603 praesueruut.
399 3513 628 3601 ⁴[Ednerdos
659 3521 766 3601 igitur
795 3537 871 3583 cum
903 3520 977 3582 acie
1002 3537 1066 3581 suu

113 3624 215 3683 tuoto
240 3618 369 3701 impetu
397 3620 433 3682 in
467 3618 585 3684 hostes
613 3620 724 3696 irruit,
758 3626 797 3682 ut
827 3637 886 3682 eos
916 3628 1064 3682 retroce-

113 3717 198 3782 dere
220 3725 385 3800 cogeret:
413 3736 558 3800 quorum
583 3719 682 3782 multi
704 3718 874 3800 fugientes
898 3717 1066 3782 submersi

113 3824 211 3894 suut,
232 3824 272 3880 ut
290 3817 447 3881 scribunt
467 3817 587 3899 aliqui,
608 3836 719 3899 usqne
742 3819 785 3881 ed
807 3836 985 3881 numerum
1004 3819 1066 3881 mi-

112 3916 214 3980 litum
232 3916 428 3998 sexaginte.
481 3915 737 3980 londonienses
763 3919 866 3980 etiem
890 3917 1066 3998 insurgam

748 4051 820 4059 ...-

149 4121 159 4155 ¹
176 4121 386 4186 ‘Praemoultue3'
399 4121 467 4175 m.
638 4123 649 4155 ³
665 4126 779 4173 ‘camisii
788 4121 804 4186 ;'
818 4126 855 4173 M.
867 4129 891 4172 et
903 4124 950 4173 Ar.

640 4195 721 4242 ‘The
745 4195 810 4243 lines
832 4194 921 4241 within
949 4190 1067 4240 brerlets

148 4260 526 4325 ¹‘8outlreexioe3’dl.et.4r.
605 4263 856 4313 ereomieedinlr,
