2940 4950
573 468 755 517 susanne
1075 454 1140 519 159

185 625 278 709 apud
294 624 330 690 S
342 624 485 689 Petrum
504 624 585 690 fecit
602 626 779 708 palatium.
825 625 1000 692 Successit
1012 625 1141 691 Coeles·
1153 642 1193 682 ι
1152 642 1303 733 &2111-

184 726 260 790 tino
276 724 501 790 Innocentius
519 727 654 802 tertius,
673 726 812 790 natione
830 725 1040 811 Campanus,
1058 746 1140 791 con·
1152 704 1205 783 iun·

184 826 370 889 sacratus
361 845 396 889 1n
411 824 500 888 festo
512 824 748 890 CathedraeS
763 825 876 905 Petri3
903 827 945 890 ad
963 846 1065 909 quem
1077 847 1139 890 rex

188 925 374 1001 Ricardus,
394 924 508 988 missis
529 925 670 1003 nuntiis,
689 933 900 1008 conquestus
925 934 978 991 est
998 927 1041 990 de
1061 946 1142 1007 rege

187 1024 402 1088 Francorum
426 1043 531 1106 super
553 1024 619 1087 fide
642 1023 765 1103 fracta,
788 1033 823 1089 et
844 1026 1045 1110 juramento
1064 1027 1141 1090 nnl-

185 1124 324 1188 latenus
348 1125 545 1188 observato.
598 1123 709 1207 Super
736 1144 805 1207 qno
832 1145 910 1188 cum
939 1126 1044 1190 vellet
1063 1145 1141 1189 eum

185 1223 345 1288 dominus
367 1242 460 1307 papa
484 1224 668 1287 convenire
693 1243 756 1307 per
777 1225 944 1306 legatum,
967 1226 1140 1290 volentem

184 1323 393 1405 respondere
431 1324 646 1387 excusabant
678 1324 814 1406 praelati
856 1324 1012 1388 Franciae
1049 1324 1141 1408 apud

185 1421 364 1487 dominum
398 1441 538 1505 papam,
577 1431 739 1504 rogantes
780 1431 819 1486 ut
854 1416 1140 1507 ¹jurisdictionem

188 1541 257 1586 non
277 1522 419 1587 laederet
437 1523 529 1604 regis
552 1522 785 1601 Francorum
810 1543 898 1604 quos
923 1543 1029 1607 super
1053 1525 1143 1606 peti·

187 1622 284 1687 tione
313 1621 542 1685 irrationabili
576 1621 755 1703 redarguit
786 1622 1005 1687 vehementer
1036 1642 1142 1706 papa,

187 1721 279 1786 sicut
306 1729 403 1803 patet
431 1721 556 1786 Extra.
582 1720 625 1785 de
651 1720 810 1800 Judiciis,
845 1723 998 1806 capitulo
1033 1722 1144 1787 Novit

186 1820 257 1886 ille.
311 1819 437 1885 Petrus
465 1820 664 1904 Capuanus,
685 1821 850 1885 diaconus
871 1823 1069 1900 cardinalis,
1094 1823 1143 1886 le·

187 1928 293 2003 gatus
315 1920 351 1983 in
375 1920 559 1985 Franciam
587 1921 713 1983 missus
741 1929 806 1999 est,
830 1921 875 1985 ad
904 1942 1025 2005 pacem
1052 1922 1142 1986 inter

185 2020 274 2085 duos
288 2039 388 2103 reges
405 2028 439 2084 et
449 2019 665 2084 concordiam
680 2019 951 2087 reformandam:
979 2022 1038 2086 sed
1056 2021 1141 2085 nihil

186 2120 381 2203 proficiens,
409 2119 565 2183 inducias
600 2126 734 2183 tantum
768 2122 1053 2204 quinquennales,
1080 2122 1141 2186 vix

189 2219 401 2285 assentiente
427 2239 508 2301 rege
537 2218 701 2295 Ricardo,
722 2221 781 2301 qui
808 2220 960 2284 nondum
988 2220 1143 2285 totaliter

187 2326 453 2403 recuperaverat
466 2337 489 2382 a
508 2317 669 2401 Philippo
687 2337 767 2399 rege
785 2319 949 2402 injuriose
974 2327 1141 2401 usurpata

188 2426 343 2501 tempore
358 2437 431 2483 suae
448 2418 654 2482 detentionis
676 2417 711 2481 in
727 2417 949 2497 Alamannia,
973 2419 1040 2483 fide
1054 2418 1141 2482 utri·

188 2538 300 2601 usque
315 2518 407 2601 regis
421 2519 626 2601 interposita
640 2516 849 2599 impetravit.

241 2616 422 2682 Hubertus
451 2616 711 2682 Cantuariensis
739 2618 1029 2701 archiepiscopus,
1060 2636 1141 2682 auc·
1154 2636 1287 2729 ffffl

190 2717 332 2782 toritate
360 2717 469 2781 fultus
496 2716 699 2801 apostolica,
733 2717 889 2795 clericos,
916 2737 1003 2799 qnos
1033 2718 1142 2800 Hugo

191 2814 387 2881 Castrensis
420 2817 614 2899 episcopus,
650 2817 770 2900 ejectis
800 2818 990 2895 monachis,
1026 2819 1143 2901 posuit

190 2916 284 2999 apud
325 2915 579 2993 coventreiam,
618 2914 760 2994 amovit,
797 2918 1051 2999 monachosque
1092 2937 1144 2981 re-

193 3014 308 3080 duxit.
361 3013 583 3093 Eustachius,
615 3013 883 3080 Saresberiensis
913 3017 1077 3094 decanus,
1105 3017 1146 3080 lit

191 3115 378 3197 episcopus
405 3114 564 3179 Eliensis.
618 3112 796 3179 Galsridns
823 3115 976 3199 quidam,
999 3115 1035 3178 in
1059 3116 1143 3179 Ces-

188 3220 339 3279 treusem
353 3214 497 3288 electus,
510 3214 545 3278 in
560 3214 758 3297 episcopum
773 3223 1005 3279 consecratur.
1042 3208 1144 3279 ²Sex-

191 3320 231 3379 to
256 3313 334 3378 idus
361 3312 449 3377 Julii
478 3312 608 3378 Othoni
634 3313 752 3397 nepoti
780 3314 872 3395 regis
896 3313 1036 3394 Angliae
1067 3315 1143 3378 red-

189 3411 301 3477 ditum
323 3419 377 3477 est
392 3411 665 3495 Aquisgranum,
693 3412 785 3494 quod
812 3433 920 3496 nuper
940 3412 1143 3492 obsederat;

189 3512 227 3577 in
246 3510 348 3596 cnjus
369 3510 522 3576 crastino
538 3531 681 3576 uxorem
699 3512 800 3576 duxit
818 3520 1030 3594 septennem,
1046 3513 1143 3576 ducis

188 3610 390 3676 Brahantiae
410 3611 516 3675 liliam
537 3619 572 3675 et
595 3611 777 3675 heredem:
811 3620 935 3694 quarto
956 3631 1038 3675 vero
1066 3613 1144 3676 idus

191 3710 347 3795 ejusdem
366 3710 507 3787 mensis,
531 3711 575 3774 ab
597 3709 727 3775 Adulfo
752 3710 948 3776 Coloniensi
975 3712 1144 3796 archiepi-

189 3829 298 3893 scopo
329 3829 375 3874 ex
408 3810 574 3874 mandato
604 3810 798 3875 Innocentii
827 3812 920 3876 tertii
947 3820 1144 3888 coronatus,

189 3910 306 3975 sedem
319 3908 560 3991 Augustorum
577 3909 743 3974 ascendit.

227 4121 394 4191 ¹‘Jns3'Ar.
680 4126 786 4176 andAr.
798 4128 921 4189 rcad,‘in
933 4127 1080 4187 episcopum
1090 4140 1148 4174 con·

682 4195 1148 4257 secraturscxtoidusJulii.0thoni,’

224 4260 413 4329 ”Septimus
440 4260 526 4315 D'A.:
554 4267 600 4315 hut
618 4266 657 4315 M.
682 4271 731 4315 etc.
