2940 4950
375 442 441 507 190
732 458 805 506 mc.
828 458 978 506 rcrvnrr

376 616 523 681 thedrali
539 615 785 692 Wintoniensi,
802 617 960 698 praestita
976 615 1150 700 juratoria
1167 614 1330 678 cantione

375 716 418 780 de
434 717 650 780 restitutione
666 717 862 780 ablatorum
877 723 949 781 tam
962 717 1095 780 clericis
1111 732 1214 799 quam
1231 714 1330 777 laicis

375 815 544 893 facienda,
567 824 603 880 et
628 816 830 899 recipiendis
856 817 1013 880 omnibus
1037 817 1072 879 in
1092 815 1230 898 plenam
1252 831 1332 896 gra·

376 917 459 978 tiam
483 924 519 980 et
536 935 698 980 amorem.
752 915 888 979 Exinde
912 915 1138 998 Pandulphus
1162 909 1331 995 'legatus

375 1015 409 1077 in
437 1014 589 1079 Galliam
618 1016 801 1093 transiens,
823 1016 1037 1080 Francorum
1065 1015 1138 1097 regi
1164 1014 1329 1096 Philippo

375 1116 440 1178 snb
480 1116 711 1180 anathematis
748 1116 1027 1180 interminatione
1064 1115 1253 1198 prohibuit,
1286 1132 1332 1176 ne

376 1216 539 1280 transiret
568 1217 603 1279 in
636 1215 812 1297 Angliam,
842 1209 922 1280 ²seu
949 1235 1065 1297 regem
1092 1213 1233 1295 Angliee
1254 1213 1330 1296 jam

375 1317 632 1379 reconciliatum
654 1316 821 1391 ecclesiae,
844 1334 913 1399 quo
936 1315 1050 1379 minus
1065 1333 1209 1395 regnum
1228 1332 1330 1375 suum

375 1415 519 1496 pacifice
551 1415 754 1497 possideret,
786 1415 1004 1497 aliquatenus
1029 1434 1090 1498 per
1117 1434 1155 1477 se
1186 1412 1241 1477 vel
1269 1431 1332 1494 per

376 1514 463 1578 alios
494 1515 685 1580 infestaret.
747 1515 897 1578 Duravit
931 1525 1047 1578 tamen
1075 1513 1187 1577 adbuc
1222 1513 1331 1575 inter·

375 1612 506 1677 dictum
531 1616 566 1677 in
593 1613 734 1696 Anglia,
766 1615 857 1679 clero
884 1614 969 1677 illud
997 1613 1148 1678 relaxari
1177 1612 1331 1688 nolente,

376 1731 555 1795 quousque
585 1713 628 1778 de
661 1714 787 1779 ablatis
815 1713 1032 1778 satisfactum
1062 1720 1153 1777 esset
1183 1712 1229 1776 ad
1260 1711 1332 1794 ple·

377 1831 469 1876 num.

213 1931 351 1970 nomn
426 1911 450 1976 J
453 1931 582 1975 oannes
600 1932 664 1975 rex
685 1913 804 1977 eodem
824 1932 915 1977 anno
932 1912 1174 1988 transfretans,
1192 1930 1331 1994 suscep

213 1991 273 2020 some
281 1981 305 2020 ol
311 1980 345 2020 nu

213 2030 309 2070 Numan

212 2080 295 2120 caeder.

377 2018 433 2076 tus
455 2019 509 2075 est
526 2011 711 2076 honorilice
733 2014 770 2076 in
791 2013 954 2095 Rnpclla.
1007 2011 1084 2076 Nec
1106 2011 1216 2075 multo
1239 2018 1332 2092 post,

376 2111 607 2176 reconciliatis
630 2114 695 2176 sibi
718 2114 842 2178 comite
865 2112 1034 2177 Marcbiee
1058 2119 1092 2175 et
1108 2110 1268 2175 Galfrido
1288 2110 1332 2174 de

378 2211 595 2276 Laudunano
617 2213 709 2295 cepit
731 2215 849 2277 urbem
872 2211 1172 2294 Andegavensem
1195 2218 1330 2274 etcas·

377 2322 467 2375 trum
489 2312 581 2394 quod
606 2313 732 2377 dicitur
759 2312 1016 2387 Bellum-forte,
1042 2311 1199 2394 aliasque
1221 2311 1331 2373 mnni-

377 2412 490 2475 tiones
521 2413 753 2495 quamplures.
805 2412 925 2475 Turba
955 2412 1101 2475 militnm
1130 2411 1206 2495 ejus
1233 2418 1331 2473 trans

379 2510 529 2593 Ligerim
548 2515 653 2576 missa
671 2512 713 2575 ad
731 2511 966 2595 praedandum,
984 2512 1178 2576 Robertum
1195 2510 1333 2574 comitis

379 2610 570 2673 Drocarum
595 2612 714 2688 lilium,
745 2620 780 2675 et
808 2613 933 2675 milites
965 2610 1227 2694 quatuordecim
1255 2630 1333 2674 cum

377 2728 418 2772 eo
436 2711 470 2772 in
488 2712 605 2785 armis
624 2712 689 2773 sibi
707 2718 925 2776 occurrentes
941 2718 1117 2793 ceperunt.

1171 2949 1312 2984 suetonum

1113 3059 1119 3071 .
1187 3037 1293 3073 totum!

437 3258 606 3323 Jonuuns
638 3281 713 3337 rex,
745 3261 939 3343 impetratis
970 3279 992 3323 a
1025 3258 1106 3322 sede
1140 3259 1334 3340 apostolica

376 3360 526 3442 quinque
549 3381 717 3424 annorum
740 3360 888 3424 induciis
911 3379 1015 3442 super
1036 3358 1256 3423 restitutione
1274 3360 1335 3424 ab·

376 3459 538 3537 latorum,
560 3461 610 3524 ita
625 3461 717 3543 quod
734 3461 880 3542 singulis
903 3459 1001 3523 annis
1023 3451 1150 3539 ⁸nsque
1174 3458 1219 3521 ad
1243 3479 1335 3524 com-

376 3559 586 3639 plementum
620 3580 690 3623 una
722 3561 878 3644 pecuniae
910 3559 1024 3642 portio
1053 3556 1258 3635 solveretur,
1284 3560 1335 3623 in-

377 3658 449 3722 vito
472 3660 564 3724 clero
584 3659 835 3725 relaxationem
859 3659 1009 3724 obtinuit
1032 3657 1220 3734 interdicti,
1241 3659 1335 3740 qnod

371 3756 445 3839 jam
465 3778 528 3822 sex
545 3760 657 3837 annia,
681 3761 854 3824 mensibus
873 3759 996 3834 tribus,
1014 3765 1049 3821 et
1064 3757 1184 3821 diebus
1202 3765 1335 3840 septem

377 3863 412 3919 et
442 3857 559 3921 decem
585 3858 783 3924 duraverat.
836 3859 966 3923 Urbem
992 3878 1074 3922 vero
1102 3855 1338 3939 Andegaven·

377 3956 479 4033 sium,
503 3976 605 4040 quam
629 3977 739 4042 nuper
760 3967 911 4041 ceperat,
934 3978 1045 4040 usque
1067 3956 1111 4020 ad
1135 3957 1337 4022 Medianam

413 4179 423 4282 ζ
438 4184 595 4303 :pqffiat’up’pp
605 4185 725 4248 Angliam
733 4181 748 4246 ;'
761 4187 807 4236 Ar.
898 4185 909 4219 ⁸
925 4192 1024 4251 ‘usque
1034 4190 1245 4252 complementum
1253 4188 1270 4253 ς’
1285 4194 1324 4242 Μ.
