2948 4942
335 435 401 500 334
691 446 763 495 Nic.
787 445 935 495 salvari

335 607 630 691 archiepiscopum
660 603 945 670 cantuariensem
971 603 1007 666 in
1039 600 1137 666 curia
1167 621 1291 667 conse·

336 716 464 785 cratus,
488 707 524 770 in
556 704 720 787 Angliam
748 705 902 780 veniens,
929 702 1058 768 Joanni
1087 703 1130 767 de
1164 702 1290 766 Mone-

336 806 456 871 mntha
474 805 607 871 doctori
623 804 808 885 theologiae
822 804 1058 887 episcopatum
1079 801 1290 866 landaven·

337 926 409 970 sem
439 906 647 971 auctoritate
672 903 790 987 papali
819 902 978 980 contulit,
1008 903 1068 985 qui
1086 901 1161 986 jam
1185 920 1292 965 vaca-

176 1024 304 1066 nnaanor
337 1014 437 1071 verat
460 1005 581 1069 multis
608 1004 717 1068 annis.
775 1003 819 1066 In
849 1002 970 1085 vigilia
1000 1009 1115 1066 autem
1145 1000 1291 1065 Natalis

178 1076 277 1165 'iiiiaco
338 1105 480 1170 Domini
495 1104 588 1188 apud
608 1102 792 1187 Neapolim
813 1102 850 1166 in
870 1121 997 1185 papam
1018 1102 1160 1184 eligitur
1177 1101 1292 1165 Bone·

338 1206 451 1270 dictus
477 1204 679 1289 cajetanus,
703 1203 842 1268 natione
866 1201 1078 1284 campanus,
1099 1200 1143 1265 dc
1165 1198 1291 1282 Anag-

338 1304 397 1368 nia
420 1304 572 1369 civitate.
625 1302 696 1367 Hic
724 1301 925 1366 Bonifacins
955 1308 1101 1365 octavus
1129 1309 1292 1377 vocatus,

339 1405 456 1468 statim
476 1411 555 1487 post
575 1422 673 1467 suam
695 1402 903 1466 creationem
923 1401 1123 1484 episcopum
1147 1398 1291 1464 Ostien-

338 1523 411 1567 sem
437 1523 542 1586 snper
566 1502 773 1585 quibusdam
797 1500 1045 1584 inpraesentia
1062 1499 1294 1564 cardinalium

340 1621 490 1684 arguens
512 1596 716 1679 durissime,l
734 1600 832 1685 pallii
851 1620 915 1665 usn
936 1600 1112 1683 privavit3
1136 1607 1173 1663 ct
1188 1599 1294 1663 nihil·

340 1702 475 1765 ominus
500 1703 545 1765 ab
568 1702 687 1765 eodem
705 1709 785 1765 ante
805 1701 1061 1765 restitutionem
1078 1698 1176 1782 pallii
1192 1718 1295 1764 coro-

179 1817 269 1857 urna
341 1808 454 1864 natur.
524 1799 603 1864 Rex
639 1809 754 1865 autem
788 1799 928 1883 Angliae
959 1800 1053 1882 apud
1084 1793 1292 1864 ²Aberconn

177 1866 295 1957 &01⁸⁰
340 1901 466 1964 festum
493 1900 605 1964 tenuit
631 1899 839 1964 Nativitatis
866 1900 1070 1978 Dominicm,
1095 1899 1156 1964 ubi
1178 1898 1295 1963 archi·

179 1968 329 2066 fimes?
341 2000 541 2084 episcopum
582 1999 869 2064 cantuariensem
917 1999 961 2063 ad
1000 2019 1038 2064 se
1084 1999 1295 2076 venientem,

340 2101 447 2164 misso
467 2098 500 2163 ei
525 2100 661 2164 obviam
688 2099 731 2163 ad
754 2118 911 2163 securum
931 2099 1138 2164 conductum
1163 2099 1296 2164 facien-

342 2199 422 2263 dum
449 2199 574 2263 clerico
603 2200 753 2282 quodam
777 2198 914 2263 Joannc
936 2199 980 2263 de
1009 2199 1186 2263 Bercwico
1212 2219 1295 2263 cum

342 2319 446 2364 mann
464 2307 610 2376 armata,
628 2300 780 2381 gratiose
796 2299 949 2381 recepit;
979 2306 1015 2363 et
1032 2297 1199 2363 fidelitate
1215 2299 1296 2383 ejus

342 2418 447 2481 quam
469 2418 514 2462 ex
532 2418 626 2462 more
648 2406 784 2464 tenetur
800 2399 875 2480 rogi
896 2398 1009 2463 facere
1025 2397 1191 2476 admissa,
1213 2418 1296 2462 cum

343 2499 461 2563 favore
479 2498 620 2563 remisit.

181 3013 306 3053 sanem.
394 2994 438 3058 Iu
480 2993 535 3058 die
575 2993 854 3059 circumcisionis
893 2996 1034 3060 Domini
1070 2997 1207 3062 reddita
1240 3007 1297 3064 est

179 3064 305 3202 {iiiiiikir'
342 3094 473 3159 Joanni
506 3094 549 3158 de
578 3094 708 3157 Sancto
743 3093 882 3159 Joanne
915 3097 1041 3160 civitas
1075 3095 1299 3176 Baionensis„

200 3173 288 3213 ''³⁰⁰⁰‘'
343 3214 449 3277 quam
482 3194 537 3257 die
562 3186 797 3276 ³praecedente
822 3203 986 3278 ceperant
1014 3203 1130 3260 nautae
1161 3197 1303 3264 sortiter

344 3302 604 3378 expugnatam
638 3293 834 3377 multosque
859 3295 902 3358 de
930 3295 1076 3373 civibus,
1105 3316 1195 3379 quos
1222 3299 1300 3381 regi

344 3393 538 3477 Anglorum
571 3392 748 3456 adversari
776 3402 991 3477 compertum
1025 3403 1090 3473 est,
1129 3396 1301 3479 praesatus

344 3492 501 3558 Joannes
534 3501 656 3575 captos
694 3493 729 3556 in
761 3491 926 3575 Angliam
960 3514 1022 3578 per
1055 3514 1150 3560 mare
1181 3503 1300 3562 trans·

344 3592 458 3672 misit;
499 3593 712 3657 obsidionem
742 3612 824 3656 vero
857 3595 974 3676 posuit
1009 3595 1101 3659 circa
1130 3603 1301 3675 castrum,

344 3692 436 3773 quod
460 3698 539 3774 post
559 3690 633 3754 dies
656 3700 735 3755 octo
757 3692 861 3776 cepit,
883 3693 1130 3777 dominumque
1152 3694 1301 3779 Asperi-

379 3837 387 3868 ¹
405 3841 590 3903 Waleingham,
602 3857 628 3902 p.
645 3846 686 3902 25,
697 3855 767 3905 says,
780 3845 806 3892 in
830 3845 873 3894 the
888 3846 1022 3895 meekness
1034 3846 1064 3896 oi
1072 3848 1210 3908 Celeatine,
1221 3849 1301 3898 while

343 3926 390 3960 onc
419 3911 449 3961 oi
467 3911 507 3960 his
530 3912 730 3973 interpolatione,
752 3913 807 3962 that
831 3915 873 3963 the
881 3915 995 3965 violence
1006 3916 1036 3966 oi
1041 3916 1163 3966 Boniiace
1175 3916 1223 3966 has
1233 3919 1300 3967 been

343 3981 472 4032 celestino
484 3981 540 4030 said
557 3986 583 4029 to
595 3981 727 4041 Boniiace,
742 3984 807 4032 ‘Aa
832 3984 907 4033 much
926 3986 1109 4049 exaggerated,
1130 4001 1171 4035 we
1193 4002 1237 4037 are
1261 3990 1301 4037 in·

343 4052 452 4100 cendisti
472 4056 501 4099 ut
518 4052 619 4113 vulpes,
641 4053 758 4113 regnabis
779 4059 808 4102 ut
831 4054 915 4103 clined
927 4059 952 4103 to
967 4055 1040 4104 think
1058 4055 1101 4105 the
1118 4057 1241 4107 weodote
1252 4060 1301 4108 be-

344 4121 392 4182 lae,
412 4122 525 4170 morieris
548 4126 577 4171 ut
596 4123 684 4181 canis,
677 4117 690 4149 ·'
715 4123 760 4171 but
779 4137 808 4171 aa
832 4125 905 4185 longe
916 4130 967 4173 toa
978 4126 1053 4175 much
1065 4126 1129 4175 later
1140 4140 1198 4188 age.

343 4190 431 4240 Trrvet
442 4192 504 4240 does
516 4196 558 4239 not
566 4193 675 4240 mention
688 4192 747 4252 this,
758 4193 807 4240 end
867 4190 1068 4256 ”fanetum
1082 4197 1144 4246 θοαὶ.
1156 4197 1222 4259 Reg.

344 4257 386 4307 the
401 4262 550 4311 anecdota
543 4275 566 4310 rs
580 4267 606 4310 at
617 4262 734 4310 varianae
746 4262 807 4310 with
868 4258 879 4292 ³
895 4231 1091 4327 ‘praecedenti'
1103 4265 1186 4316 MSS.
