2940 4950
419 435 481 498 196
778 451 848 496 ruo.
871 450 1020 497 nuruum

417 607 563 688 singulis
600 607 764 671 culicibus
798 627 925 683 earum,
960 625 1037 688 quae
1073 625 1142 668 non
1176 605 1372 669 habuerunt

417 707 541 770 calices
572 716 768 788 argenteOS,
797 707 858 770 tali
884 714 986 788 pacto
1013 705 1105 787 quod
1133 724 1193 768 eos
1224 705 1373 767 vendere

419 826 485 868 non
516 817 668 887 possent.
728 805 846 889 Hujus
874 805 1084 888 temporibus
1117 804 1264 868 Livonia
1288 823 1371 867 con·

418 925 519 969 versa
541 914 594 969 est
620 906 663 968 ad
688 904 800 968 fidem.
854 904 941 969 Post
967 911 1111 967 mortem
1134 903 1235 986 hujus
1263 902 1373 966 Inno-

418 1006 522 1068 centii
539 1006 658 1069 statim
672 1005 801 1068 electus
819 1011 873 1067 est
888 1003 1065 1068 Honorius
1083 1004 1216 1079 tertius,
1230 1003 1371 1066 natione

421 1104 612 1181 Romanus,
630 1105 688 1186 qui
703 1112 738 1167 et
753 1103 941 1167 decretales
962 1103 1089 1167 dicitur
1103 1102 1320 1185 compilasse,
1336 1110 1371 1165 et

420 1203 597 1267 ecclesiam
626 1204 662 1267 S.
682 1203 860 1267 Laurentii
884 1210 986 1266 extra
1009 1219 1137 1278 muros,
1161 1194 1371 1265 ¹basilicam·

421 1322 500 1384 que,
516 1323 593 1384 quae
611 1303 741 1367 Sancta
756 1302 959 1366 Sanctorum
979 1300 1116 1378 dicitnr,
1134 1320 1331 1364 renovasse.

258 1418 374 1468 nonnul
472 1402 600 1479 Gualo,
620 1402 821 1486 apostolicae
838 1400 929 1465 sedis
943 1400 1093 1483 legatus,
1113 1400 1207 1465 tituli
1227 1401 1262 1464 S.
1274 1399 1371 1465 Mar-

258 1469 325 1518 legste
332 1469 382 1507 tries

257 1519 389 1558 turrano
421 1502 484 1564 tini
506 1504 685 1584 presbyter
706 1501 901 1578 cardinalis,
927 1502 1022 1564 venit
1045 1500 1212 1576 ParisioS,
1237 1500 1372 1583 Philip-

257 1568 385 1707 ffissdffm
420 1621 501 1682 pum
528 1621 642 1682 regem
667 1601 820 1666 studiose
848 1600 1048 1677 exhortans,
1075 1607 1114 1663 ut
1138 1598 1246 1663 filium
1269 1619 1370 1663 suum

277 1678 361 1717 '¹⁸⁸⁰‘
421 1700 631 1764 Lodovicum
663 1721 684 1765 a
717 1702 865 1765 transitu
905 1702 940 1764 in
974 1699 1137 1782 Angliam
1170 1700 1371 1764 cohiberet:

418 1819 522 1881 super
555 1820 622 1882 quo
658 1801 759 1864 etiam
793 1799 1015 1864 nihilominus
1047 1799 1255 1863 auctoritate
1289 1818 1371 1881 apo

419 1900 542 1963 stolica
559 1899 673 1981 ipsum
685 1901 817 1965 monuit
831 1900 1054 1977 Lodovicum,
1073 1899 1279 1962 denuntians
1299 1907 1369 1963 tam

419 1999 508 2080 patri
534 2019 635 2081 quam
665 1999 735 2063 filio
764 2001 969 2064 sententiam
993 1998 1372 2075 excommunicationis,

418 2098 525 2162 latam
543 2098 580 2160 in
598 2099 824 2162 Lateranensi
847 2100 992 2163 concilio
1014 2100 1048 2161 in
1068 2116 1198 2172 omnes,
1215 2098 1275 2180 qui
1292 2091 1371 2163 ²Jo-

419 2217 541 2261 annem
573 2217 687 2279 regem
724 2197 872 2279 Angliae,
908 2206 947 2262 nt
978 2217 1000 2262 a
1034 2217 1140 2279 regno
1172 2196 1371 2283 dejicerent,

419 2298 678 2380 expugnabant.
732 2298 938 2374 Lodovicus,
964 2305 1083 2381 spreta
1103 2296 1292 2361 monitione
1320 2298 1370 2362 le·

419 2399 505 2477 gati,
539 2417 560 2460 a
594 2399 718 2480 coeptis
748 2417 964 2482 nequaqnam
995 2398 1147 2476 destitit3
1185 2395 1246 2460 sed
1277 2397 1369 2479 apud

420 2496 605 2573 Calesinm,
638 2497 811 2561 Flandriae
834 2505 984 2579 portum,
1012 2497 1158 2561 classem
1183 2496 1372 2562 coadunari

420 2598 596 2677 praecepit,
631 2617 693 2678 pro
729 2598 884 2661 exercitu
919 2599 955 2661 in
988 2595 1149 2678 Angliam
1179 2589 1372 2678 ³transpor·

258 2710 386 2799 puppup
419 2696 535 2760 tando.
587 2695 703 2760 Gualo
731 2696 867 2777 lega-tus
893 2698 929 2760 in
956 2695 1119 2778 Angliam
1148 2695 1306 2773 tendens,
1337 2706 1371 2761 et

269 2771 281 2798 ⁰
310 2772 394 2809 ''⁸¹¹''
419 2795 631 2858 Lodovicum
663 2797 889 2877 praeveniens,
915 2796 1044 2877 sategit
1072 2797 1303 2876 interregem
1335 2805 1370 2861 et

419 2896 564 2957 barones
580 2903 654 2958 toto
673 2897 750 2958 nisu
766 2914 885 2977 pacem
899 2914 1115 2977 componere,
1129 2894 1211 2958 licet
1227 2894 1369 2961 frustra.

420 2993 462 3056 In
494 2995 645 3058 crastino
675 2993 898 3059 Asceusionis
926 2995 1120 3059 Lodovicus
1152 3013 1258 3058 naves
1291 3015 1371 3059 con-

418 3093 584 3155 scendens
609 3112 685 3156 cum
711 3095 865 3158 exercitu
889 3115 952 3159 suo
975 3094 1142 3178 applicuit
1164 3094 1201 3156 in
1223 3087 1367 3171 *insula

418 3212 495 3274 quae
513 3192 692 3257 Thanatos
708 3194 926 3275 appellatur;
951 3196 1009 3258 ubi
1029 3194 1193 3258 recreatis
1213 3193 1371 3277 aliquan-

419 3292 527 3355 tulum
546 3292 724 3369 militibus,
746 3293 832 3357 seria
846 3294 997 3357 secunda
1020 3292 1270 3376 Sandewycum
1293 3313 1370 3377 per-

419 3392 524 3468 venit,
554 3393 835 3456 concurrentibus
856 3393 921 3456 sibi
943 3393 1068 3457 ibidem
1092 3394 1278 3457 baronibus
1296 3413 1369 3458 suae

418 3492 528 3572 partis
543 3500 578 3555 et
595 3511 670 3554 eum
695 3491 942 3556 deducentibus
964 3511 1073 3575 usque
1096 3491 1248 3569 Rodum,
1270 3492 1370 3576 cujus

419 3597 570 3653 castrum
597 3585 784 3655 ⁵redditum
808 3600 862 3656 est
883 3592 1002 3656 eidem.
1055 3592 1158 3656 Feria
1186 3594 1309 3675 quinta
1336 3594 1371 3656 in

418 3687 633 3754 hebdomada
656 3691 881 3755 Pentecostes
895 3693 1037 3756 veniens
1061 3691 1274 3770 Londonias,
1291 3711 1370 3756 cum

420 3790 637 3868 processione
662 3790 806 3853 solemni
832 3799 990 3873 receptus
1016 3800 1069 3856 est
1096 3792 1131 3854 in
1161 3791 1308 3856 ecclesia
1332 3791 1372 3856 S.

421 3941 487 3949 a—

456 4030 461 4058 ¹
480 4030 682 4091 ‘basilicamque
712 4026 883 4094 sanctorum3’
944 4029 954 4059 ³
971 4032 1171 4082 ‘transfretando
1180 4028 1195 4093 ς’
1207 4029 1278 4082 D'A.

419 4100 547 4220 Mffffr'
583 4170 588 4182 .
656 4171 661 4180 .
944 4131 953 4161 ⁴
970 4130 1118 4196 ‘insulam'
1131 4131 1200 4185 ΠΛ.

516 4185 590 4218 oanni
608 4185 662 4232 regi
676 4204 683 4220 .
695 4206 701 4218 .
715 4206 722 4219 .
737 4206 743 4219 .
756 4185 884 4233 repugna·

418 4240 478 4287 bant
486 4237 503 4301 ;'
515 4241 554 4290 Μ.
565 4244 589 4289 el
601 4239 648 4290 Ar.
942 4234 953 4263 ⁸
969 4237 1071 4286 ‘statim
1082 4236 1210 4287 redditum
1222 4244 1263 4288 cst
1269 4233 1285 4300 ;’
1300 4238 1348 4289 Ar.
