2940 4950
574 452 757 502 anninus.
1074 436 1141 501 389

185 608 281 688 ditis,
309 611 441 675 rimatis
469 618 505 676 et
529 610 737 675 examinatis
769 617 804 675 et
830 609 1014 691 diligenter
1038 610 1138 673 intel·
1152 621 1259 663 Romu·

186 708 287 773 lectis
304 712 454 792 partium
471 710 620 794 juribus,
639 710 789 774 finaliter
807 711 843 773 in
863 709 1047 793 praesentia
1063 729 1136 774 om·
1150 677 1256 773 ἷῖἷῖοῗο·

185 809 281 872 nium
308 809 529 891 praelatorum
554 817 591 874 et
612 810 778 873 nobilium
800 810 899 892 quasi
917 810 1024 873 totius
1038 811 1137 890 regni

187 907 327 986 Scotiae,
350 918 385 974 et
406 908 448 973 de
465 910 645 973 voluntate
667 917 702 973 et
725 928 868 973 assensu
891 928 1057 991 expresso
1078 928 1136 973 eo·

187 1007 331 1071 rundem
356 1009 592 1091 procedentes,
623 1008 796 1073 Joannem
826 1008 868 1072 de
897 1007 1047 1071 Balliolo
1077 1007 1137 1073 de·

184 1107 257 1170 bite
279 1108 494 1190 praefecimus
513 1110 550 1172 in
573 1128 688 1189 regem
711 1108 905 1184 Scotorum,
928 1126 1030 1189 quem
1053 1115 1136 1172 tunc

187 1206 224 1269 in
251 1209 468 1272 successione
495 1208 648 1292 ejusdem
681 1207 780 1289 regni
812 1206 946 1271 heredis
969 1205 1053 1291 jura
1083 1207 1136 1270 in-

186 1306 344 1370 venimus
374 1306 499 1371 habere
532 1306 691 1389 potiora;
731 1306 790 1387 qui
819 1305 956 1389 quidem
986 1305 1134 1387 praelati,

186 1405 340 1482 comites,
366 1413 402 1471 et
424 1407 579 1480 barones,
607 1406 870 1469 communitates
891 1423 933 1468 ac
955 1403 1060 1469 ceteri
1085 1405 1136 1468 in·

186 1503 273 1569 colae
299 1506 396 1587 regni
427 1505 535 1588 ipsius
563 1505 770 1569 sententiam
796 1513 951 1569 nostram
977 1511 1136 1585 accepta·

186 1609 323 1681 verunt,
354 1607 646 1687 approbaverunt,
678 1611 714 1667 et
744 1605 858 1687 ipsum
889 1603 1060 1667 Joannem
1092 1603 1136 1668 de

187 1702 353 1768 mandato
379 1712 499 1768 nostro
524 1705 653 1768 virtute
679 1703 783 1788 huJus
809 1702 932 1787 judicii
960 1702 996 1765 in
1021 1722 1136 1784 regem

187 1820 288 1866 suum
303 1802 525 1868 admiserunt.
572 1802 626 1867 Ac
648 1803 738 1867 idem
756 1802 779 1866 J
782 1821 911 1867 oannes
932 1822 994 1866 rex
1010 1801 1137 1866 Scotiae

187 1921 251 1985 pro
272 1921 379 1984 regno
405 1922 469 1967 suo
496 1903 661 1985 praedicto
689 1902 788 1966 nohis
817 1901 1014 1983 homagium
1042 1901 1136 1966 debi-

189 2009 263 2065 tum
288 2008 324 2065 et
344 2010 545 2067 consuetum
577 2002 669 2079 fecit,
696 2007 733 2066 et
757 2001 933 2065 fidelitatis
958 2001 1136 2083 juramen-

188 2109 262 2165 tum
295 2102 471 2183 praestitit,
503 2108 538 2166 et
571 2108 701 2165 extunc
730 2108 801 2164 tam
831 2099 866 2163 in
900 2099 1138 2183 parliamentis

188 2220 295 2284 quam
334 2202 369 2264 in
407 2201 560 2266 consiliis
602 2200 741 2277 nostris,
773 2206 941 2282 tanquam
978 2199 1137 2265 subditus

188 2308 318 2377 noster,
343 2301 434 2365 sicut
462 2301 521 2365 alii
547 2300 589 2364 de
618 2319 725 2381 regno
750 2305 882 2375 nostro,
908 2298 1075 2376 interfuit,
1103 2306 1139 2363 et

186 2399 297 2463 nostri
329 2407 496 2482 tanquam
522 2398 650 2463 domini
673 2399 727 2462 sui
761 2398 947 2480 superioris
975 2398 1137 2480 benepla-

188 2499 268 2562 citis
289 2505 325 2563 et
345 2498 518 2563 mandatis
539 2498 701 2562 obediens
727 2507 762 2563 et
783 2497 963 2562 intendens
989 2498 1137 2575 exstitit,

186 2617 368 2681 quousque
395 2597 484 2662 idem
507 2598 663 2662 Joannes
685 2616 748 2662 rex
770 2597 909 2673 Scotiae,
931 2605 967 2661 et
989 2597 1136 2679 praelati,

185 2697 331 2763 comites
357 2705 392 2762 et
424 2699 583 2775 barones,
617 2696 762 2774 nobiles,
792 2696 1065 2772 communitates,
1095 2716 1137 2761 ac

184 2797 292 2861 ceteri
316 2797 438 2862 incolae
466 2797 616 2881 majores
650 2795 805 2881 ejusdem
836 2798 947 2878 regui,
977 2815 1022 2860 ex
1047 2816 1137 2878 prae·

188 2907 358 2979 concepta
383 2896 516 2961 malitia
544 2905 580 2961 et
609 2896 811 2978 praelocuta,
839 2916 880 2961 ac
906 2895 1138 2979 praeordinata

188 2995 395 3078 proditione,
420 2996 672 3060 communicato
697 2995 840 3060 consilio
866 3016 945 3060 cum
973 2988 1136 3059 ¹Francis

190 3103 273 3159 tunc
298 3095 445 3158 inimicis
467 3094 595 3158 nostris
618 3094 824 3177 capitalibus
847 3095 992 3159 notoriis
1017 3095 1136 3158 amici·

189 3193 257 3257 tias
282 3193 500 3276 copularunt,
523 3212 564 3257 ac
586 3193 775 3275 pactiones,
797 3194 1082 3276 conspirationes,
1102 3200 1137 3258 et

188 3293 458 3377 conjurationes,
490 3293 526 3356 in
563 3291 864 3356 exheredationem
904 3299 1071 3368 nostram,
1103 3298 1139 3355 et

188 3391 353 3457 heredum
375 3399 582 3468 nostrorum,
607 3410 648 3455 ac
670 3391 767 3473 regni
791 3391 912 3468 nostri,
935 3399 1057 3455 contra
1078 3389 1137 3453 de-

188 3491 299 3556 bitum
324 3491 523 3573 homagium
549 3491 661 3566 nobis,
687 3491 723 3554 in
743 3490 870 3553 crimen
897 3490 990 3554 laesae
1016 3489 1138 3574 majes-

191 3591 276 3656 tatis
305 3593 463 3674 nequiter
487 3589 680 3667 incidendo,
704 3588 882 3653 fidelitatis
904 3589 1139 3675 juramentum

190 3691 343 3755 inierunt
371 3710 449 3754 cum
480 3690 613 3754 iisdem.
682 3689 813 3754 Verum
840 3709 918 3754 cum
949 3691 1139 3771 praemissa,

189 3790 358 3855 relatione
380 3790 526 3856 etfama
547 3789 685 3872 publica
706 3788 749 3852 ad
769 3808 870 3853 aures
890 3797 1028 3854 nostras
1042 3789 1141 3853 deve-

189 3890 336 3968 nissent,
374 3890 529 3954 volentes
565 3888 690 3953 futuris
732 3889 894 3972 periculis
933 3907 1142 3971 praecavere,

191 4009 270 4074 quae
294 4010 339 4053 ex
361 3989 415 4052 his
434 3995 470 4053 et
488 3988 566 4052 aliis
584 3994 727 4071 possent
749 3988 861 4065 nohis,
878 4008 984 4069 regno
1009 3994 1142 4063 nostro,

263 4212 271 4244 ¹
288 4216 351 4265 'i'his
361 4214 433 4265 word
444 4215 468 4264 is
479 4212 592 4275 wanting
604 4212 630 4261 in
644 4214 704 4261 cod.
717 4211 793 4274 Περ,
801 4209 850 4260 Ar.
860 4212 919 4272 Ἀθ,
930 4208 981 4258 and
992 4208 1073 4260 Wals.
