2948 4942
336 419 402 484 226
695 432 768 479 uro.
791 431 938 478 rarvnrr

338 589 540 654 Theobaldo
556 589 741 672 plurimum
759 586 965 662 desolatum,
980 586 1038 668 qui
1061 589 1169 652 statui
1186 596 1289 653 terrae

339 690 524 773 plurimum
563 688 788 771 compatiens,
821 706 899 750 cum
933 686 1115 751 Saracenis
1146 697 1289 768 treugas

339 789 428 865 iniit,
441 789 661 866 Christianis,
676 787 736 870 qui
750 787 879 868 captivi
897 786 1114 862 tenebantur,
1128 788 1289 853 omnibus

339 889 504 956 liberatis.
581 888 707 952 Comes
743 880 896 950 ¹Cantiae
931 885 1123 962 Hubertus,
1154 887 1290 971 judicio

339 997 461 1053 contra
483 1007 561 1052 eum
584 986 801 1069 procedente,
819 993 969 1069 quatuor
987 993 1114 1062 castra,
1128 986 1292 1053 videlicet

341 1088 511 1152 Blancum
547 1096 711 1164 castrum,
754 1085 1024 1161 Grosmundum,
1062 1079 1289 1153 ²Chenefretlr

339 1196 445 1271 atque
464 1186 641 1263 Hatfelde,
657 1185 761 1268 regiae
780 1184 1005 1248 dominationi
1021 1184 1159 1267 cogitur
1178 1188 1289 1270 resig-

338 1306 433 1352 nare.
510 1286 628 1350 Simon
667 1286 710 1349 de
743 1284 974 1360 Monte-sorti,
1007 1283 1098 1348 filius
1137 1285 1288 1352 Simonis

338 1386 485 1462 comitiS,
500 1385 600 1469 cujus
614 1404 721 1467 supra
735 1383 877 1449 fecimus
895 1383 1115 1460 mentionem,
1131 1387 1287 1467 reginam

340 1487 519 1562 Blancam,
543 1485 634 1566 regis
659 1485 870 1548 Francorum
893 1490 1049 1559 matrem,
1075 1484 1140 1548 sibi
1164 1487 1288 1551 timens

339 1584 517 1660 offensam,
534 1584 670 1665 aufugit
680 1585 715 1647 in
733 1583 910 1665 Angliam,
928 1582 986 1645 ubi
1002 1583 1154 1663 gratiose
1170 1605 1287 1670 recep·

339 1692 396 1748 tus
418 1704 440 1748 a
464 1704 557 1765 rege,
586 1683 783 1748 Leicestriae
809 1683 958 1746 obtinuit
981 1683 1182 1747 comitatum
1208 1704 1288 1749 cum

338 1783 542 1848 senescallia
558 1782 715 1864 Angliae3
745 1791 780 1847 et
795 1783 886 1862 regis
912 1800 1076 1858 sororem,
1094 1802 1172 1866 quae
1191 1784 1288 1867 prius

339 1885 535 1947 castitatem
571 1882 707 1966 publice
743 1890 887 1946 voverat
917 1882 953 1946 in
989 1899 1092 1944 manu
1121 1883 1287 1968 episcopi,

340 2002 483 2047 uxorem
508 1983 652 2065 accepit.
706 1981 776 2059 Qui
799 1981 903 2045 etiam
929 1987 1051 2063 postea
1076 1983 1288 2049 senescallus

339 2081 525 2146 Vaseoniae
547 2082 670 2158 factus,
692 2101 808 2162 regem
830 2079 969 2162 Angliao
993 2080 1141 2157 induxit,
1164 2091 1204 2147 ut
1219 2091 1290 2148 ter-

339 2201 412 2245 ram
435 2182 651 2259 Basclorum,
669 2180 769 2265 cujus
794 2189 900 2263 caput
920 2188 974 2244 est
989 2179 1112 2244 civitas
1134 2176 1289 2248 ³Baiona

338 2290 374 2345 et
398 2281 479 2345 olim
504 2300 648 2363 regnum
674 2281 799 2357 fuerat,
830 2288 1089 2362 recognosceret
1114 2281 1157 2346 de
1186 2283 1288 2347 feodo

340 2381 431 2463 regis
466 2381 633 2456 Franciae,
664 2389 704 2444 ut
729 2381 779 2443 sic
808 2379 899 2460 regis
928 2377 1090 2444 Castellm
1116 2381 1288 2447 actionem

341 2480 552 2556 excluderet,
584 2480 643 2563 qui
670 2487 798 2543 terram
829 2479 924 2542 illam
953 2478 998 2542 ad
1025 2477 1162 2544 feodum
1191 2483 1290 2565 regni

343 2580 525 2661 Hispania>
539 2579 688 2643 asseruit
705 2578 887 2661 pertinere.

352 2774 394 2834 ’0.
410 2775 434 2808 Ν.
446 2774 465 2809 J.
477 2774 500 2809 0.
599 2775 621 2809 Ρ.
634 2774 795 2809 ROMANORUM
810 2775 834 2811 ll.
942 2777 1094 2815 FRANGORUU
1130 2780 1271 2816 ruotouutt

394 2859 485 2896 rrocxr.
539 2859 706 2895 oracoaurx.
737 2860 868 2896 racemum
880 2863 908 2898 11.
942 2864 1274 2973 rooovrcrrx.'aeaarcrur

606 2920 645 2965 1⁴.
803 2922 844 2967 29.
999 2927 1038 2973 1⁴.
1181 2927 1223 2974 2⁴.

294 3098 328 3128 m,
392 3056 630 3122 Fannnarous
650 3059 848 3141 imperator,
877 3061 1072 3146 Romipetis
1089 3085 1221 3148 ponens
1238 3068 1290 3132 in·

202 3199 214 3227 ,
249 3149 296 3228 ¹¹5⁸
339 3155 458 3231 sidias,
501 3157 672 3222 Jacobum
715 3158 967 3227 Praenestinum
1008 3165 1207 3249 episcopum
1246 3168 1289 3232 de

342 3256 490 3321 Francia
519 3266 555 3323 ot
587 3257 758 3323 Othonem
792 3260 974 3325 diaconum
1005 3263 1216 3330 cardinalem
1246 3266 1289 3331 de

339 3354 470 3438 Anglia
499 3358 542 3421 ad
571 3359 702 3421 curiam
732 3367 943 3425 revertentes
968 3364 1046 3446 capi
1070 3362 1162 3443 fecit,
1187 3374 1224 3430 et
1250 3368 1287 3430 in

338 3457 496 3520 custodia
518 3457 674 3521 detineri.
727 3456 917 3540 Gregorius
941 3481 1044 3545 papa,
1070 3483 1147 3528 cum
1172 3467 1288 3531 conoi-

338 3553 419 3617 lium
436 3563 552 3619 tenere
576 3556 754 3634 voluisset,
777 3560 888 3641 captis
914 3579 976 3641 per
998 3561 1152 3627 diversas
1169 3573 1288 3647 partes

337 3654 491 3734 praelatis
508 3656 552 3718 ab
576 3657 794 3738 imperatoris
814 3657 1018 3738 fautoribus,
1037 3682 1058 3724 a
1075 3682 1139 3726 suo
1161 3684 1288 3749 propo·

336 3751 405 3815 sito
431 3754 626 3835 impeditur.
681 3754 778 3819 Inter
795 3776 874 3839 quae
900 3759 1003 3837 mala,
1028 3760 1072 3825 ad
1095 3773 1286 3828 extremam

335 3849 456 3915 horam
491 3853 644 3930 veniens,
672 3855 707 3917 in
740 3855 889 3920 Domino
927 3858 1145 3926 obdormivit.
1213 3862 1288 3928 Iste

336 3949 538 4032 Gregorius,
572 3973 649 4016 cum
682 3953 868 4038 aliquando
901 3958 946 4020 ab
976 3959 1195 4042 imperatore,
1227 3963 1287 4046 qui

366 4141 540 4204 ''Kantiae3'
553 4148 612 4196 ced.
627 4148 689 4210 Reg.
856 4147 1179 4211 usamentum:

367 4212 377 4241 ¹
393 4216 538 4266 ‘Senefreth
549 4213 564 4275 ;'
576 4218 613 4266 Μ.
626 4217 704 4267 etAr.
954 4238 959 4247 ·
