<?xml version="1.0" encoding="UTF-8"?>
<!DOCTYPE html PUBLIC "-//W3C//DTD XHTML 1.0 Transitional//EN"
    "http://www.w3.org/TR/xhtml1/DTD/xhtml1-transitional.dtd">
<html xmlns="http://www.w3.org/1999/xhtml" xml:lang="en" lang="en">
 <head>
  <title>
</title>
<meta http-equiv="Content-Type" content="text/html;charset=utf-8" />
  <meta name='ocr-system' content='tesseract 3.04.00' />
  <meta name='ocr-capabilities' content='ocr_page ocr_carea ocr_par ocr_line ocrx_word'/>
</head>
<body>
  <div class='ocr_page' id='page_1' title='image "./fnicholaitrivet00trivgoog/fnicholaitrivet00trivgoog_0234.png"; bbox 0 0 2940 4950; ppageno 0'>
   <div class='ocr_carea' id='block_1_1' title="bbox 567 454 1142 517">
    <p class='ocr_par' dir='ltr' id='par_1_1' title="bbox 567 454 1142 517">
     <span class='ocr_line' id='line_1_1' title="bbox 567 454 1142 517; baseline -0.003 0"><span class='ocrx_word' id='word_1_1' title='bbox 567 469 752 517; x_wconf 76' lang='lat' dir='ltr'><strong>aurnuns.</strong></span> <span class='ocrx_word' id='word_1_2' title='bbox 1079 454 1142 516; x_wconf 77' lang='lat'><strong>201</strong></span> 
     </span>
    </p>
   </div>
   <div class='ocr_carea' id='block_1_2' title="bbox 184 625 1307 3188">
    <p class='ocr_par' dir='ltr' id='par_1_2' title="bbox 184 625 1307 1305">
     <span class='ocr_line' id='line_1_2' title="bbox 184 625 1143 707; baseline -0.002 -15"><span class='ocrx_word' id='word_1_3' title='bbox 184 628 488 692; x_wconf 78' lang='lat' dir='ltr'><strong>exheredationem</strong></span> <span class='ocrx_word' id='word_1_4' title='bbox 525 626 719 707; x_wconf 79' lang='lat' dir='ltr'><strong>sanguinis,</strong></span> <span class='ocrx_word' id='word_1_5' title='bbox 762 625 925 689; x_wconf 81' lang='lat' dir='ltr'><strong>docuerat</strong></span> <span class='ocrx_word' id='word_1_6' title='bbox 958 626 1143 690; x_wconf 82' lang='lat' dir='ltr'>studuisse.</span> 
     </span>
     <span class='ocr_line' id='line_1_3' title="bbox 187 725 1293 807; baseline -0.005 -17"><span class='ocrx_word' id='word_1_7' title='bbox 187 728 365 791; x_wconf 86' lang='lat' dir='ltr'><strong>Feruntur</strong></span> <span class='ocrx_word' id='word_1_8' title='bbox 381 728 485 789; x_wconf 85' lang='lat' dir='ltr'><strong>etiam</strong></span> <span class='ocrx_word' id='word_1_9' title='bbox 503 727 669 807; x_wconf 87' lang='lat' dir='ltr'><strong>captivati</strong></span> <span class='ocrx_word' id='word_1_10' title='bbox 686 725 940 807; x_wconf 82' lang='lat' dir='ltr'>quinquaginta</span> <span class='ocrx_word' id='word_1_11' title='bbox 960 725 1028 789; x_wconf 92' lang='lat' dir='ltr'><strong>duo</strong></span> <span class='ocrx_word' id='word_1_12' title='bbox 1054 727 1143 789; x_wconf 93' lang='lat' dir='ltr'><strong>mili·</strong></span> <span class='ocrx_word' id='word_1_13' title='bbox 1159 748 1293 805; x_wconf 57' lang='lat' dir='ltr'><strong>irmino</strong></span> 
     </span>
     <span class='ocr_line' id='line_1_4' title="bbox 187 798 1307 906; baseline -0.001 -15"><span class='ocrx_word' id='word_1_14' title='bbox 187 835 241 891; x_wconf 85' lang='lat' dir='ltr'><strong>tes</strong></span> <span class='ocrx_word' id='word_1_15' title='bbox 259 827 301 889; x_wconf 88' lang='lat' dir='ltr'><strong>de</strong></span> <span class='ocrx_word' id='word_1_16' title='bbox 319 825 545 906; x_wconf 86' lang='lat' dir='ltr'><strong>complicibus</strong></span> <span class='ocrx_word' id='word_1_17' title='bbox 569 825 748 900; x_wconf 89' lang='lat' dir='ltr'><strong>Lodovici,</strong></span> <span class='ocrx_word' id='word_1_18' title='bbox 771 825 814 887; x_wconf 88' lang='lat' dir='ltr'><strong>do</strong></span> <span class='ocrx_word' id='word_1_19' title='bbox 837 844 982 906; x_wconf 83' lang='lat' dir='ltr'><strong>quorum</strong></span> <span class='ocrx_word' id='word_1_20' title='bbox 1004 846 1145 890; x_wconf 87' lang='lat' dir='ltr'><strong>numero</strong></span> <span class='ocrx_word' id='word_1_21' title='bbox 1159 798 1307 837; x_wconf 54' lang='lat' dir='ltr'><strong>&#39;‘dmm&#39;&#39;</strong></span> 
     </span>
     <span class='ocr_line' id='line_1_5' title="bbox 188 917 1145 1007; baseline 0 -18"><span class='ocrx_word' id='word_1_22' title='bbox 188 934 265 989; x_wconf 88' lang='lat' dir='ltr'><strong>erat</strong></span> <span class='ocrx_word' id='word_1_23' title='bbox 283 923 462 988; x_wconf 85' lang='lat' dir='ltr'><strong>Gilbertus</strong></span> <span class='ocrx_word' id='word_1_24' title='bbox 479 917 534 987; x_wconf 85' lang='lat' dir='ltr'><strong>¹de</strong></span> <span class='ocrx_word' id='word_1_25' title='bbox 551 922 666 1000; x_wconf 87' lang='lat' dir='ltr'><strong>Clare,</strong></span> <span class='ocrx_word' id='word_1_26' title='bbox 684 925 737 985; x_wconf 88' lang='lat' dir='ltr'><strong>vir</strong></span> <span class='ocrx_word' id='word_1_27' title='bbox 752 925 915 1004; x_wconf 87' lang='lat' dir='ltr'><strong>inclytus,</strong></span> <span class='ocrx_word' id='word_1_28' title='bbox 933 944 1034 1006; x_wconf 86' lang='lat' dir='ltr'><strong>quom</strong></span> <span class='ocrx_word' id='word_1_29' title='bbox 1053 928 1145 1007; x_wconf 80' lang='lat' dir='ltr'><strong>cepit</strong></span> 
     </span>
     <span class='ocr_line' id='line_1_6' title="bbox 190 1021 1145 1095; baseline 0.001 -7"><span class='ocrx_word' id='word_1_30' title='bbox 190 1024 389 1089; x_wconf 87' lang='lat' dir='ltr'><strong>Willelmus</strong></span> <span class='ocrx_word' id='word_1_31' title='bbox 403 1022 613 1095; x_wconf 76' lang='lat' dir='ltr'><strong>marescalli,</strong></span> <span class='ocrx_word' id='word_1_32' title='bbox 631 1034 666 1086; x_wconf 88' lang='lat' dir='ltr'><strong>ct</strong></span> <span class='ocrx_word' id='word_1_33' title='bbox 682 1021 906 1086; x_wconf 87' lang='lat' dir='ltr'><strong>Gloveruiam</strong></span> <span class='ocrx_word' id='word_1_34' title='bbox 926 1023 1046 1087; x_wconf 88' lang='lat' dir='ltr'><strong>deduci</strong></span> <span class='ocrx_word' id='word_1_35' title='bbox 1064 1025 1145 1090; x_wconf 81' lang='lat' dir='ltr'><strong>lecit</strong></span> 
     </span>
     <span class='ocr_line' id='line_1_7' title="bbox 191 1122 1145 1204; baseline 0.001 -18"><span class='ocrx_word' id='word_1_36' title='bbox 191 1122 359 1187; x_wconf 76' lang='lat' dir='ltr'><strong>custodiae</strong></span> <span class='ocrx_word' id='word_1_37' title='bbox 375 1122 660 1204; x_wconf 68' lang='lat' dir='ltr'><strong>mancipandum</strong></span> <span class='ocrx_word' id='word_1_38' title='bbox 682 1122 737 1185; x_wconf 89' lang='lat' dir='ltr'><strong>cui</strong></span> <span class='ocrx_word' id='word_1_39' title='bbox 753 1130 885 1203; x_wconf 81' lang='lat' dir='ltr'><strong>posteo,</strong></span> <span class='ocrx_word' id='word_1_40' title='bbox 898 1123 1027 1186; x_wconf 82' lang='lat' dir='ltr'><strong>sedatis</strong></span> <span class='ocrx_word' id='word_1_41' title='bbox 1043 1125 1145 1187; x_wconf 86' lang='lat' dir='ltr'><strong>rebus</strong></span> 
     </span>
     <span class='ocr_line' id='line_1_8' title="bbox 193 1220 1144 1305; baseline 0.001 -21"><span class='ocrx_word' id='word_1_42' title='bbox 193 1240 347 1305; x_wconf 86' lang='lat' dir='ltr'><strong>paceque</strong></span> <span class='ocrx_word' id='word_1_43' title='bbox 363 1220 557 1298; x_wconf 87' lang='lat' dir='ltr'><strong>reflorente,</strong></span> <span class='ocrx_word' id='word_1_44' title='bbox 575 1220 760 1284; x_wconf 87' lang='lat' dir='ltr'><strong>Isabellam</strong></span> <span class='ocrx_word' id='word_1_45' title='bbox 779 1221 885 1284; x_wconf 87' lang='lat' dir='ltr'><strong>liliam</strong></span> <span class='ocrx_word' id='word_1_46' title='bbox 907 1241 1006 1284; x_wconf 87' lang='lat' dir='ltr'><strong>suam</strong></span> <span class='ocrx_word' id='word_1_47' title='bbox 1029 1225 1144 1285; x_wconf 88' lang='lat' dir='ltr'><strong>rnatri-</strong></span> 
     </span>
    </p>

    <p class='ocr_par' dir='ltr' id='par_1_3' title="bbox 191 1320 1144 1403">
     <span class='ocr_line' id='line_1_9' title="bbox 191 1320 1144 1403; baseline 0.002 -20"><span class='ocrx_word' id='word_1_48' title='bbox 191 1322 306 1384; x_wconf 89' lang='lat' dir='ltr'><strong>monio</strong></span> <span class='ocrx_word' id='word_1_49' title='bbox 325 1320 515 1403; x_wconf 80' lang='lat' dir='ltr'><strong>copulavit.</strong></span> <span class='ocrx_word' id='word_1_50' title='bbox 562 1320 687 1402; x_wconf 85' lang='lat' dir='ltr'><strong>Lapsis</strong></span> <span class='ocrx_word' id='word_1_51' title='bbox 709 1329 787 1402; x_wconf 89' lang='lat' dir='ltr'><strong>post</strong></span> <span class='ocrx_word' id='word_1_52' title='bbox 810 1320 874 1383; x_wconf 89' lang='lat' dir='ltr'><strong>hoc</strong></span> <span class='ocrx_word' id='word_1_53' title='bbox 895 1320 1052 1401; x_wconf 64' lang='lat' dir='ltr'><strong>praelium</strong></span> <span class='ocrx_word' id='word_1_54' title='bbox 1077 1321 1144 1385; x_wconf 87' lang='lat' dir='ltr'><strong>die-</strong></span> 
     </span>
    </p>

    <p class='ocr_par' dir='ltr' id='par_1_4' title="bbox 190 1418 1146 1502">
     <span class='ocr_line' id='line_1_10' title="bbox 190 1418 1146 1502; baseline -0.001 -18"><span class='ocrx_word' id='word_1_55' title='bbox 190 1422 256 1484; x_wconf 84' lang='lat' dir='ltr'><strong>bus</strong></span> <span class='ocrx_word' id='word_1_56' title='bbox 276 1421 408 1502; x_wconf 81' lang='lat' dir='ltr'><strong>paucis,</strong></span> <span class='ocrx_word' id='word_1_57' title='bbox 431 1438 542 1483; x_wconf 86' lang='lat' dir='ltr'><strong>caesus</strong></span> <span class='ocrx_word' id='word_1_58' title='bbox 565 1427 619 1483; x_wconf 87' lang='lat' dir='ltr'><strong>est</strong></span> <span class='ocrx_word' id='word_1_59' title='bbox 639 1421 684 1483; x_wconf 88' lang='lat' dir='ltr'><strong>ab</strong></span> <span class='ocrx_word' id='word_1_60' title='bbox 709 1418 864 1499; x_wconf 76' lang='lat' dir='ltr'><strong>Anglicis</strong></span> <span class='ocrx_word' id='word_1_61' title='bbox 889 1420 1022 1483; x_wconf 82' lang='lat' dir='ltr'><strong>navalis</strong></span> <span class='ocrx_word' id='word_1_62' title='bbox 1047 1440 1146 1483; x_wconf 83' lang='lat' dir='ltr'><strong>exer-</strong></span> 
     </span>
    </p>

    <p class='ocr_par' dir='ltr' id='par_1_5' title="bbox 190 1518 1140 1600">
     <span class='ocr_line' id='line_1_11' title="bbox 190 1518 1140 1600; baseline -0.001 -17"><span class='ocrx_word' id='word_1_63' title='bbox 190 1520 282 1583; x_wconf 85' lang='lat' dir='ltr'><strong>citus</strong></span> <span class='ocrx_word' id='word_1_64' title='bbox 298 1518 477 1583; x_wconf 88' lang='lat' dir='ltr'><strong>Lodovici.</strong></span> <span class='ocrx_word' id='word_1_65' title='bbox 522 1518 618 1581; x_wconf 84' lang='lat' dir='ltr'>Huic</span> <span class='ocrx_word' id='word_1_66' title='bbox 641 1526 788 1600; x_wconf 73' lang='lat' dir='ltr'><strong>praerat</strong></span> <span class='ocrx_word' id='word_1_67' title='bbox 805 1518 1013 1582; x_wconf 84' lang='lat' dir='ltr'><strong>Eustachius</strong></span> <span class='ocrx_word' id='word_1_68' title='bbox 1034 1539 1140 1600; x_wconf 90' lang='lat' dir='ltr'><strong>quou-</strong></span> 
     </span>
    </p>

    <p class='ocr_par' dir='ltr' id='par_1_6' title="bbox 190 1618 1142 1700">
     <span class='ocr_line' id='line_1_12' title="bbox 190 1618 1142 1700; baseline 0.001 -19"><span class='ocrx_word' id='word_1_69' title='bbox 190 1618 269 1682; x_wconf 88' lang='lat' dir='ltr'><strong>dam</strong></span> <span class='ocrx_word' id='word_1_70' title='bbox 293 1625 333 1682; x_wconf 91' lang='lat' dir='ltr'><strong>ut</strong></span> <span class='ocrx_word' id='word_1_71' title='bbox 346 1618 454 1682; x_wconf 83' lang='lat' dir='ltr'><strong>fertur</strong></span> <span class='ocrx_word' id='word_1_72' title='bbox 471 1618 672 1693; x_wconf 86' lang='lat' dir='ltr'><strong>monachus,</strong></span> <span class='ocrx_word' id='word_1_73' title='bbox 695 1618 754 1700; x_wconf 92' lang='lat' dir='ltr'><strong>qui</strong></span> <span class='ocrx_word' id='word_1_74' title='bbox 778 1625 815 1681; x_wconf 92' lang='lat' dir='ltr'><strong>ut</strong></span> <span class='ocrx_word' id='word_1_75' title='bbox 837 1619 981 1682; x_wconf 79' lang='lat' dir='ltr'><strong>decebat</strong></span> <span class='ocrx_word' id='word_1_76' title='bbox 1003 1628 1142 1699; x_wconf 86' lang='lat' dir='ltr'><strong>aposta-</strong></span> 
     </span>
    </p>

    <p class='ocr_par' dir='ltr' id='par_1_7' title="bbox 193 1717 1142 1800">
     <span class='ocr_line' id='line_1_13' title="bbox 193 1717 1142 1800; baseline 0.001 -19"><span class='ocrx_word' id='word_1_77' title='bbox 193 1726 277 1795; x_wconf 90' lang='lat' dir='ltr'><strong>tam,</strong></span> <span class='ocrx_word' id='word_1_78' title='bbox 290 1736 390 1781; x_wconf 86' lang='lat' dir='ltr'><strong>suam</strong></span> <span class='ocrx_word' id='word_1_79' title='bbox 405 1718 591 1781; x_wconf 85' lang='lat' dir='ltr'><strong>ostendens</strong></span> <span class='ocrx_word' id='word_1_80' title='bbox 607 1717 888 1793; x_wconf 84' lang='lat' dir='ltr'><strong>inconstantiam,</strong></span> <span class='ocrx_word' id='word_1_81' title='bbox 904 1737 997 1800; x_wconf 85' lang='lat' dir='ltr'><strong>saepo</strong></span> <span class='ocrx_word' id='word_1_82' title='bbox 1015 1718 1057 1780; x_wconf 86' lang='lat' dir='ltr'><strong>de</strong></span> <span class='ocrx_word' id='word_1_83' title='bbox 1074 1738 1142 1782; x_wconf 92' lang='lat' dir='ltr'><strong>uno</strong></span> 
     </span>
    </p>

    <p class='ocr_par' dir='ltr' id='par_1_8' title="bbox 191 1816 1142 1899">
     <span class='ocr_line' id='line_1_14' title="bbox 191 1816 1142 1899; baseline 0.001 -19"><span class='ocrx_word' id='word_1_84' title='bbox 191 1837 272 1899; x_wconf 84' lang='lat' dir='ltr'><strong>rege</strong></span> <span class='ocrx_word' id='word_1_85' title='bbox 298 1816 434 1880; x_wconf 89' lang='lat' dir='ltr'><strong>transiit</strong></span> <span class='ocrx_word' id='word_1_86' title='bbox 451 1816 494 1881; x_wconf 86' lang='lat' dir='ltr'><strong>ad</strong></span> <span class='ocrx_word' id='word_1_87' title='bbox 518 1816 634 1895; x_wconf 87' lang='lat' dir='ltr'><strong>alium,</strong></span> <span class='ocrx_word' id='word_1_88' title='bbox 661 1825 696 1880; x_wconf 87' lang='lat' dir='ltr'><strong>et</strong></span> <span class='ocrx_word' id='word_1_89' title='bbox 723 1825 886 1899; x_wconf 86' lang='lat' dir='ltr'><strong>tunquam</strong></span> <span class='ocrx_word' id='word_1_90' title='bbox 910 1818 952 1879; x_wconf 87' lang='lat' dir='ltr'><strong>dc</strong></span> <span class='ocrx_word' id='word_1_91' title='bbox 975 1818 1142 1882; x_wconf 87' lang='lat' dir='ltr'><strong>monacho</strong></span> 
     </span>
    </p>

    <p class='ocr_par' dir='ltr' id='par_1_9' title="bbox 191 1915 1141 1997">
     <span class='ocr_line' id='line_1_15' title="bbox 191 1915 1141 1997; baseline 0.002 -20"><span class='ocrx_word' id='word_1_92' title='bbox 191 1916 304 1981; x_wconf 86' lang='lat' dir='ltr'><strong>factus</strong></span> <span class='ocrx_word' id='word_1_93' title='bbox 326 1915 571 1992; x_wconf 83' lang='lat' dir='ltr'><strong>daemoniacus,</strong></span> <span class='ocrx_word' id='word_1_94' title='bbox 592 1915 672 1980; x_wconf 87' lang='lat' dir='ltr'><strong>dolo</strong></span> <span class='ocrx_word' id='word_1_95' title='bbox 694 1925 729 1980; x_wconf 88' lang='lat' dir='ltr'><strong>et</strong></span> <span class='ocrx_word' id='word_1_96' title='bbox 750 1915 892 1997; x_wconf 80' lang='lat' dir='ltr'><strong>pertidia</strong></span> <span class='ocrx_word' id='word_1_97' title='bbox 912 1917 1034 1997; x_wconf 90' lang='lat' dir='ltr'><strong>plenus</strong></span> <span class='ocrx_word' id='word_1_98' title='bbox 1054 1918 1141 1995; x_wconf 83' lang='lat' dir='ltr'><strong>suit3</strong></span> 
     </span>
    </p>

    <p class='ocr_par' dir='ltr' id='par_1_10' title="bbox 190 2014 1143 2099">
     <span class='ocr_line' id='line_1_16' title="bbox 190 2014 1143 2099; baseline 0.002 -22"><span class='ocrx_word' id='word_1_99' title='bbox 190 2015 292 2099; x_wconf 87' lang='lat' dir='ltr'><strong>cujus</strong></span> <span class='ocrx_word' id='word_1_100' title='bbox 314 2024 418 2097; x_wconf 88' lang='lat' dir='ltr'><strong>caput</strong></span> <span class='ocrx_word' id='word_1_101' title='bbox 439 2014 642 2091; x_wconf 85' lang='lat' dir='ltr'><strong>abscissum,</strong></span> <span class='ocrx_word' id='word_1_102' title='bbox 664 2016 814 2079; x_wconf 84' lang='lat' dir='ltr'><strong>delutum</strong></span> <span class='ocrx_word' id='word_1_103' title='bbox 841 2023 893 2079; x_wconf 87' lang='lat' dir='ltr'><strong>cst</strong></span> <span class='ocrx_word' id='word_1_104' title='bbox 922 2036 983 2097; x_wconf 87' lang='lat' dir='ltr'><strong>per</strong></span> <span class='ocrx_word' id='word_1_105' title='bbox 1006 2015 1143 2079; x_wconf 86' lang='lat' dir='ltr'><strong>diversa</strong></span> 
     </span>
    </p>

    <p class='ocr_par' dir='ltr' id='par_1_11' title="bbox 190 2114 686 2196">
     <span class='ocr_line' id='line_1_17' title="bbox 190 2114 686 2196; baseline 0.002 -19"><span class='ocrx_word' id='word_1_106' title='bbox 190 2116 269 2179; x_wconf 89' lang='lat' dir='ltr'><strong>loca</strong></span> <span class='ocrx_word' id='word_1_107' title='bbox 281 2114 421 2196; x_wconf 81' lang='lat' dir='ltr'><strong>Angliae</strong></span> <span class='ocrx_word' id='word_1_108' title='bbox 437 2134 541 2196; x_wconf 88' lang='lat' dir='ltr'><strong>super</strong></span> <span class='ocrx_word' id='word_1_109' title='bbox 557 2115 686 2196; x_wconf 87' lang='lat' dir='ltr'><strong>palum.</strong></span> 
     </span>
    </p>

    <p class='ocr_par' dir='ltr' id='par_1_12' title="bbox 189 2213 1304 3188">
     <span class='ocr_line' id='line_1_18' title="bbox 242 2213 1280 2297; baseline 0 -21"><span class='ocrx_word' id='word_1_110' title='bbox 242 2214 437 2278; x_wconf 89' lang='lat' dir='ltr'><strong>Lodovicus</strong></span> <span class='ocrx_word' id='word_1_111' title='bbox 461 2213 651 2277; x_wconf 84' lang='lat' dir='ltr'><strong>Londoniaa</strong></span> <span class='ocrx_word' id='word_1_112' title='bbox 679 2222 848 2297; x_wconf 77' lang='lat' dir='ltr'><strong>receptuS,</strong></span> <span class='ocrx_word' id='word_1_113' title='bbox 878 2223 969 2277; x_wconf 86' lang='lat' dir='ltr'><strong>terra</strong></span> <span class='ocrx_word' id='word_1_114' title='bbox 989 2216 1142 2295; x_wconf 81' lang='lat' dir='ltr'><strong>marique</strong></span> <span class='ocrx_word' id='word_1_115' title='bbox 1157 2238 1280 2276; x_wconf 60' lang='lat' dir='ltr'><strong>reatum.</strong></span> 
     </span>
     <span class='ocr_line' id='line_1_19' title="bbox 189 2288 1304 2395; baseline 0 -20"><span class='ocrx_word' id='word_1_116' title='bbox 189 2314 256 2376; x_wconf 88' lang='lat' dir='ltr'><strong>sibi</strong></span> <span class='ocrx_word' id='word_1_117' title='bbox 281 2314 494 2395; x_wconf 86' lang='lat' dir='ltr'><strong>comperiens</strong></span> <span class='ocrx_word' id='word_1_118' title='bbox 519 2314 724 2377; x_wconf 85' lang='lat' dir='ltr'><strong>detrimenta</strong></span> <span class='ocrx_word' id='word_1_119' title='bbox 744 2314 876 2393; x_wconf 80' lang='lat' dir='ltr'>augeri,</span> <span class='ocrx_word' id='word_1_120' title='bbox 895 2288 1304 2394; x_wconf 63' lang='lat' dir='ltr'><strong>adversamqueilliilin,</strong></span> 
     </span>
     <span class='ocr_line' id='line_1_20' title="bbox 191 2386 1278 2495; baseline -0.001 -19"><span class='ocrx_word' id='word_1_121' title='bbox 191 2423 325 2495; x_wconf 85' lang='lat' dir='ltr'><strong>partem</strong></span> <span class='ocrx_word' id='word_1_122' title='bbox 341 2410 384 2475; x_wconf 85' lang='lat' dir='ltr'><strong>de</strong></span> <span class='ocrx_word' id='word_1_123' title='bbox 400 2411 455 2475; x_wconf 80' lang='lat' dir='ltr'><strong>oie</strong></span> <span class='ocrx_word' id='word_1_124' title='bbox 475 2412 615 2475; x_wconf 85' lang='lat' dir='ltr'><strong>indiam</strong></span> <span class='ocrx_word' id='word_1_125' title='bbox 635 2412 801 2487; x_wconf 87' lang='lat' dir='ltr'><strong>roborari,</strong></span> <span class='ocrx_word' id='word_1_126' title='bbox 823 2431 943 2493; x_wconf 69' lang='lat' dir='ltr'><strong>[vacem</strong></span> <span class='ocrx_word' id='word_1_127' title='bbox 966 2414 1065 2494; x_wconf 87' lang='lat' dir='ltr'><strong>petiit</strong></span> <span class='ocrx_word' id='word_1_128' title='bbox 1085 2432 1143 2476; x_wconf 90' lang='lat' dir='ltr'><strong>ne·</strong></span> <span class='ocrx_word' id='word_1_129' title='bbox 1156 2386 1278 2426; x_wconf 51' lang='lat' dir='ltr'><strong>&#39;&#39;mmm&#39;‘</strong></span> 
     </span>
     <span class='ocr_line' id='line_1_21' title="bbox 189 2510 1145 2593; baseline 0.001 -20"><span class='ocrx_word' id='word_1_130' title='bbox 189 2512 363 2575; x_wconf 83' lang='lat' dir='ltr'><strong>cessitutis</strong></span> <span class='ocrx_word' id='word_1_131' title='bbox 377 2512 523 2576; x_wconf 86' lang='lat' dir='ltr'><strong>articulo</strong></span> <span class='ocrx_word' id='word_1_132' title='bbox 540 2512 778 2593; x_wconf 83' lang='lat' dir='ltr'><strong>compellente.</strong></span> <span class='ocrx_word' id='word_1_133' title='bbox 815 2510 1025 2574; x_wconf 82' lang='lat' dir='ltr'><strong>Convocatis</strong></span> <span class='ocrx_word' id='word_1_134' title='bbox 1039 2512 1145 2593; x_wconf 77' lang='lat' dir='ltr'><strong>igitur·</strong></span> 
     </span>
     <span class='ocr_line' id='line_1_22' title="bbox 191 2609 1144 2692; baseline 0 -18"><span class='ocrx_word' id='word_1_135' title='bbox 191 2610 234 2674; x_wconf 88' lang='lat' dir='ltr'><strong>ad</strong></span> <span class='ocrx_word' id='word_1_136' title='bbox 257 2610 475 2692; x_wconf 84' lang='lat' dir='ltr'><strong>praesentiam</strong></span> <span class='ocrx_word' id='word_1_137' title='bbox 490 2609 619 2674; x_wconf 91' lang='lat' dir='ltr'><strong>domiui</strong></span> <span class='ocrx_word' id='word_1_138' title='bbox 635 2610 818 2687; x_wconf 87' lang='lat' dir='ltr'><strong>Gualonis,</strong></span> <span class='ocrx_word' id='word_1_139' title='bbox 836 2610 1037 2691; x_wconf 68' lang='lat' dir='ltr'><strong>apostolicae</strong></span> <span class='ocrx_word' id='word_1_140' title='bbox 1052 2610 1144 2674; x_wconf 90' lang='lat' dir='ltr'><strong>sedis</strong></span> 
     </span>
     <span class='ocr_line' id='line_1_23' title="bbox 192 2709 1143 2792; baseline 0 -19"><span class='ocrx_word' id='word_1_141' title='bbox 192 2710 312 2789; x_wconf 80' lang='lat' dir='ltr'><strong>legati,</strong></span> <span class='ocrx_word' id='word_1_142' title='bbox 336 2709 490 2792; x_wconf 82' lang='lat' dir='ltr'><strong>praelatis</strong></span> <span class='ocrx_word' id='word_1_143' title='bbox 512 2719 548 2773; x_wconf 87' lang='lat' dir='ltr'><strong>et</strong></span> <span class='ocrx_word' id='word_1_144' title='bbox 563 2711 761 2791; x_wconf 83' lang='lat' dir='ltr'><strong>proceribus</strong></span> <span class='ocrx_word' id='word_1_145' title='bbox 777 2709 924 2789; x_wconf 69' lang='lat' dir='ltr'><strong>Augila,</strong></span> <span class='ocrx_word' id='word_1_146' title='bbox 942 2710 977 2772; x_wconf 91' lang='lat' dir='ltr'><strong>in</strong></span> <span class='ocrx_word' id='word_1_147' title='bbox 994 2710 1143 2791; x_wconf 89' lang='lat' dir='ltr'><strong>quadam</strong></span> 
     </span>
     <span class='ocr_line' id='line_1_24' title="bbox 190 2807 1143 2891; baseline 0.002 -20"><span class='ocrx_word' id='word_1_148' title='bbox 190 2807 307 2871; x_wconf 87' lang='lat' dir='ltr'><strong>insula</strong></span> <span class='ocrx_word' id='word_1_149' title='bbox 330 2809 435 2891; x_wconf 84' lang='lat' dir='ltr'><strong>juxta</strong></span> <span class='ocrx_word' id='word_1_150' title='bbox 460 2808 577 2872; x_wconf 87' lang='lat' dir='ltr'><strong>villam</strong></span> <span class='ocrx_word' id='word_1_151' title='bbox 610 2809 652 2872; x_wconf 90' lang='lat' dir='ltr'><strong>de</strong></span> <span class='ocrx_word' id='word_1_152' title='bbox 674 2808 904 2889; x_wconf 80' lang='lat' dir='ltr'><strong>Kingestoue,</strong></span> <span class='ocrx_word' id='word_1_153' title='bbox 934 2829 994 2890; x_wconf 87' lang='lat' dir='ltr'><strong>per</strong></span> <span class='ocrx_word' id='word_1_154' title='bbox 1019 2809 1143 2873; x_wconf 84' lang='lat' dir='ltr'><strong>modia-</strong></span> 
     </span>
     <span class='ocr_line' id='line_1_25' title="bbox 192 2903 1143 2989; baseline 0 -17"><span class='ocrx_word' id='word_1_155' title='bbox 192 2908 322 2972; x_wconf 88' lang='lat' dir='ltr'><strong>tionem</strong></span> <span class='ocrx_word' id='word_1_156' title='bbox 342 2927 459 2971; x_wconf 86' lang='lat' dir='ltr'><strong>eorum</strong></span> <span class='ocrx_word' id='word_1_157' title='bbox 484 2928 553 2989; x_wconf 86' lang='lat' dir='ltr'><strong>pax</strong></span> <span class='ocrx_word' id='word_1_158' title='bbox 575 2917 609 2971; x_wconf 95' lang='lat' dir='ltr'><strong>et</strong></span> <span class='ocrx_word' id='word_1_159' title='bbox 629 2908 812 2972; x_wconf 85' lang='lat' dir='ltr'><strong>concordia</strong></span> <span class='ocrx_word' id='word_1_160' title='bbox 830 2909 862 2969; x_wconf 94' lang='lat' dir='ltr'><strong>in</strong></span> <span class='ocrx_word' id='word_1_161' title='bbox 882 2908 1055 2987; x_wconf 78' lang='lat' dir='ltr'><strong>integrum</strong></span> <span class='ocrx_word' id='word_1_162' title='bbox 1072 2903 1143 2973; x_wconf 88' lang='lat' dir='ltr'><strong>²re·</strong></span> 
     </span>
     <span class='ocr_line' id='line_1_26' title="bbox 190 3006 1142 3089; baseline 0.002 -20"><span class='ocrx_word' id='word_1_163' title='bbox 190 3008 392 3071; x_wconf 81' lang='lat' dir='ltr'><strong>formantur.</strong></span> <span class='ocrx_word' id='word_1_164' title='bbox 445 3006 639 3071; x_wconf 88' lang='lat' dir='ltr'><strong>Lodovicus</strong></span> <span class='ocrx_word' id='word_1_165' title='bbox 657 3008 746 3070; x_wconf 93' lang='lat' dir='ltr'><strong>enim</strong></span> <span class='ocrx_word' id='word_1_166' title='bbox 763 3008 919 3089; x_wconf 81' lang='lat' dir='ltr'><strong>praestito</strong></span> <span class='ocrx_word' id='word_1_167' title='bbox 934 3006 1142 3088; x_wconf 81' lang='lat' dir='ltr'><strong>juramento,</strong></span> 
     </span>
     <span class='ocr_line' id='line_1_27' title="bbox 191 3104 1142 3188; baseline 0.001 -20"><span class='ocrx_word' id='word_1_168' title='bbox 191 3104 283 3187; x_wconf 88' lang='lat' dir='ltr'><strong>quod</strong></span> <span class='ocrx_word' id='word_1_169' title='bbox 308 3104 481 3169; x_wconf 85' lang='lat' dir='ltr'><strong>mandatis</strong></span> <span class='ocrx_word' id='word_1_170' title='bbox 501 3116 637 3188; x_wconf 88' lang='lat' dir='ltr'><strong>pareret</strong></span> <span class='ocrx_word' id='word_1_171' title='bbox 654 3107 820 3181; x_wconf 73' lang='lat' dir='ltr'><strong>ccclesiae,</strong></span> <span class='ocrx_word' id='word_1_172' title='bbox 844 3126 865 3169; x_wconf 88' lang='lat' dir='ltr'><strong>a</strong></span> <span class='ocrx_word' id='word_1_173' title='bbox 887 3108 1059 3169; x_wconf 82' lang='lat' dir='ltr'><strong>sententia</strong></span> <span class='ocrx_word' id='word_1_174' title='bbox 1081 3126 1142 3169; x_wconf 85' lang='lat' dir='ltr'><strong>ex-</strong></span> 
     </span>
    </p>
   </div>
   <div class='ocr_carea' id='block_1_3' title="bbox 92 3204 1142 3286">
    <p class='ocr_par' dir='ltr' id='par_1_13' title="bbox 92 3204 1142 3286">
     <span class='ocr_line' id='line_1_28' title="bbox 92 3204 1142 3286; baseline 0 -19"><span class='ocrx_word' id='word_1_175' title='bbox 92 3204 102 3225; x_wconf 90' lang='grc'><strong>“</strong></span> <span class='ocrx_word' id='word_1_176' title='bbox 192 3204 512 3269; x_wconf 82' lang='lat' dir='ltr'><strong>communicationis</strong></span> <span class='ocrx_word' id='word_1_177' title='bbox 535 3206 735 3271; x_wconf 83' lang='lat' dir='ltr'><strong>absolvitur.</strong></span> <span class='ocrx_word' id='word_1_178' title='bbox 788 3206 914 3286; x_wconf 91' lang='lat' dir='ltr'><strong>Sicque</strong></span> <span class='ocrx_word' id='word_1_179' title='bbox 943 3206 1142 3267; x_wconf 79' lang='lat' dir='ltr'><strong>renuntians</strong></span> 
     </span>
    </p>
   </div>
   <div class='ocr_carea' id='block_1_4' title="bbox 187 3303 1299 3962">
    <p class='ocr_par' dir='ltr' id='par_1_14' title="bbox 187 3303 1143 3664">
     <span class='ocr_line' id='line_1_29' title="bbox 193 3303 1143 3387; baseline -0.001 -21"><span class='ocrx_word' id='word_1_180' title='bbox 193 3324 299 3385; x_wconf 82' lang='lat' dir='ltr'><strong>regno</strong></span> <span class='ocrx_word' id='word_1_181' title='bbox 313 3303 452 3384; x_wconf 78' lang='lat' dir='ltr'><strong>Angliae</strong></span> <span class='ocrx_word' id='word_1_182' title='bbox 464 3305 688 3386; x_wconf 85' lang='lat' dir='ltr'><strong>praestitoque</strong></span> <span class='ocrx_word' id='word_1_183' title='bbox 699 3304 909 3387; x_wconf 85' lang='lat' dir='ltr'><strong>juramento,</strong></span> <span class='ocrx_word' id='word_1_184' title='bbox 927 3303 1030 3382; x_wconf 82' lang='lat' dir='ltr'><strong>quod,</strong></span> <span class='ocrx_word' id='word_1_185' title='bbox 1042 3303 1143 3384; x_wconf 87' lang='lat' dir='ltr'><strong>adep-</strong></span> 
     </span>
     <span class='ocr_line' id='line_1_30' title="bbox 192 3401 1142 3485; baseline -0.002 -19"><span class='ocrx_word' id='word_1_186' title='bbox 192 3410 230 3466; x_wconf 95' lang='lat' dir='ltr'><strong>to</strong></span> <span class='ocrx_word' id='word_1_187' title='bbox 243 3422 348 3483; x_wconf 79' lang='lat' dir='ltr'><strong>regno</strong></span> <span class='ocrx_word' id='word_1_188' title='bbox 364 3410 521 3483; x_wconf 85' lang='lat' dir='ltr'><strong>paterno,</strong></span> <span class='ocrx_word' id='word_1_189' title='bbox 533 3405 648 3467; x_wconf 87' lang='lat' dir='ltr'><strong>onmia</strong></span> <span class='ocrx_word' id='word_1_190' title='bbox 667 3424 727 3485; x_wconf 84' lang='lat' dir='ltr'><strong>per</strong></span> <span class='ocrx_word' id='word_1_191' title='bbox 742 3409 873 3483; x_wconf 84' lang='lat' dir='ltr'><strong>patrem</strong></span> <span class='ocrx_word' id='word_1_192' title='bbox 888 3420 989 3462; x_wconf 85' lang='lat' dir='ltr'><strong>suum</strong></span> <span class='ocrx_word' id='word_1_193' title='bbox 1004 3401 1142 3480; x_wconf 79' lang='lat' dir='ltr'><strong>regibus</strong></span> 
     </span>
     <span class='ocr_line' id='line_1_31' title="bbox 191 3499 1142 3584; baseline -0.002 -19"><span class='ocrx_word' id='word_1_194' title='bbox 191 3499 331 3581; x_wconf 81' lang='lat' dir='ltr'><strong>Angliae</strong></span> <span class='ocrx_word' id='word_1_195' title='bbox 348 3501 478 3584; x_wconf 85' lang='lat' dir='ltr'><strong>injuste</strong></span> <span class='ocrx_word' id='word_1_196' title='bbox 501 3502 618 3565; x_wconf 84' lang='lat' dir='ltr'><strong>ablata</strong></span> <span class='ocrx_word' id='word_1_197' title='bbox 640 3503 849 3578; x_wconf 86' lang='lat' dir='ltr'><strong>restitueret,</strong></span> <span class='ocrx_word' id='word_1_198' title='bbox 873 3500 959 3563; x_wconf 86' lang='lat' dir='ltr'><strong>libor</strong></span> <span class='ocrx_word' id='word_1_199' title='bbox 976 3519 1053 3563; x_wconf 83' lang='lat' dir='ltr'><strong>cunr</strong></span> <span class='ocrx_word' id='word_1_200' title='bbox 1071 3503 1142 3563; x_wconf 89' lang='lat' dir='ltr'><strong>suis</strong></span> 
     </span>
     <span class='ocr_line' id='line_1_32' title="bbox 187 3594 555 3664; baseline 0 -1"><span class='ocrx_word' id='word_1_201' title='bbox 187 3600 348 3663; x_wconf 87' lang='lat' dir='ltr'><strong>omuibus</strong></span> <span class='ocrx_word' id='word_1_202' title='bbox 364 3594 555 3664; x_wconf 73' lang='lat' dir='ltr'><strong>remeavit.³</strong></span> 
     </span>
    </p>

    <p class='ocr_par' dir='ltr' id='par_1_15' title="bbox 187 3696 1299 3962">
     <span class='ocr_line' id='line_1_33' title="bbox 240 3696 1299 3782; baseline -0.007 -21"><span class='ocrx_word' id='word_1_203' title='bbox 240 3698 420 3764; x_wconf 86' lang='lat' dir='ltr'><strong>Honorius</strong></span> <span class='ocrx_word' id='word_1_204' title='bbox 440 3719 531 3782; x_wconf 86' lang='lat' dir='ltr'><strong>papa</strong></span> <span class='ocrx_word' id='word_1_205' title='bbox 552 3698 707 3773; x_wconf 86' lang='lat' dir='ltr'><strong>Petrum,</strong></span> <span class='ocrx_word' id='word_1_206' title='bbox 726 3696 1063 3762; x_wconf 85' lang='lat' dir='ltr'><strong>Autissiodorcnscm</strong></span> <span class='ocrx_word' id='word_1_207' title='bbox 1084 3719 1138 3762; x_wconf 89' lang='lat' dir='ltr'><strong>co·</strong></span> <span class='ocrx_word' id='word_1_208' title='bbox 1156 3718 1229 3757; x_wconf 61' lang='lat' dir='ltr'><strong>rnna</strong></span> <span class='ocrx_word' id='word_1_209' title='bbox 1296 3758 1299 3765; x_wconf 72' lang='grc'>,</span> 
     </span>
     <span class='ocr_line' id='line_1_34' title="bbox 187 3773 1235 3881; baseline -0.002 -20"><span class='ocrx_word' id='word_1_210' title='bbox 187 3797 320 3874; x_wconf 88' lang='lat' dir='ltr'><strong>mitem,</strong></span> <span class='ocrx_word' id='word_1_211' title='bbox 362 3799 398 3861; x_wconf 93' lang='lat' dir='ltr'><strong>in</strong></span> <span class='ocrx_word' id='word_1_212' title='bbox 435 3799 675 3880; x_wconf 85' lang='lat' dir='ltr'><strong>imperatorem</strong></span> <span class='ocrx_word' id='word_1_213' title='bbox 718 3773 1235 3881; x_wconf 51' lang='lat' dir='ltr'><strong>Constantinopolitanmn“⁰⁰¹⁸</strong></span> 
     </span>
     <span class='ocr_line' id='line_1_35' title="bbox 188 3895 1140 3962; baseline -0.005 -1"><span class='ocrx_word' id='word_1_214' title='bbox 188 3898 368 3962; x_wconf 81' lang='lat' dir='ltr'><strong>coronavit</strong></span> <span class='ocrx_word' id='word_1_215' title='bbox 393 3898 428 3959; x_wconf 93' lang='lat' dir='ltr'><strong>in</strong></span> <span class='ocrx_word' id='word_1_216' title='bbox 452 3898 597 3961; x_wconf 83' lang='lat' dir='ltr'><strong>ecclesio</strong></span> <span class='ocrx_word' id='word_1_217' title='bbox 625 3897 660 3959; x_wconf 91' lang='lat' dir='ltr'><strong>S.</strong></span> <span class='ocrx_word' id='word_1_218' title='bbox 680 3895 856 3959; x_wconf 87' lang='lat' dir='ltr'><strong>Laurentii</strong></span> <span class='ocrx_word' id='word_1_219' title='bbox 887 3905 989 3961; x_wconf 83' lang='lat' dir='ltr'><strong>extra</strong></span> <span class='ocrx_word' id='word_1_220' title='bbox 1016 3917 1140 3959; x_wconf 82' lang='lat' dir='ltr'><strong>muros.</strong></span> 
     </span>
    </p>
   </div>
   <div class='ocr_carea' id='block_1_5' title="bbox 577 4032 1009 4041">
    <p class='ocr_par' dir='ltr' id='par_1_16' title="bbox 577 4032 1009 4041">
     <span class='ocr_line' id='line_1_36' title="bbox 577 4032 1009 4041; baseline -0.009 0"><span class='ocrx_word' id='word_1_221' title='bbox 577 4032 734 4041; x_wconf 77' lang='lat'>.-·---.——--</span> <span class='ocrx_word' id='word_1_222' title='bbox 742 4034 777 4039; x_wconf 89' lang='lat'><strong>—</strong></span> <span class='ocrx_word' id='word_1_223' title='bbox 784 4034 871 4041; x_wconf 82' lang='lat'><strong>..........</strong></span> <span class='ocrx_word' id='word_1_224' title='bbox 877 4033 954 4040; x_wconf 81' lang='grc'><strong>.-.</strong></span> <span class='ocrx_word' id='word_1_225' title='bbox 977 4032 1009 4037; x_wconf 84' lang='grc'>...-</span> 
     </span>
    </p>
   </div>
   <div class='ocr_carea' id='block_1_6' title="bbox 225 4103 1144 4305">
    <p class='ocr_par' dir='ltr' id='par_1_17' title="bbox 225 4103 1144 4305">
     <span class='ocr_line' id='line_1_37' title="bbox 227 4103 1144 4165; baseline -0.007 -12"><span class='ocrx_word' id='word_1_226' title='bbox 227 4106 233 4135; x_wconf 87' lang='lat'>¹</span> <span class='ocrx_word' id='word_1_227' title='bbox 250 4106 300 4153; x_wconf 82' lang='lat' dir='ltr'><strong>‘da</strong></span> <span class='ocrx_word' id='word_1_228' title='bbox 311 4107 389 4153; x_wconf 80' lang='lat' dir='ltr'><strong>Claro</strong></span> <span class='ocrx_word' id='word_1_229' title='bbox 396 4106 412 4165; x_wconf 68' lang='grc' dir='ltr'><strong>ς’</strong></span> <span class='ocrx_word' id='word_1_230' title='bbox 426 4106 464 4154; x_wconf 87' lang='grc' dir='ltr'><strong>Μ.</strong></span> <span class='ocrx_word' id='word_1_231' title='bbox 472 4110 494 4153; x_wconf 71' lang='lat' dir='ltr'><strong>et</strong></span> <span class='ocrx_word' id='word_1_232' title='bbox 508 4106 554 4153; x_wconf 78' lang='lat' dir='ltr'><strong>Ar.</strong></span> <span class='ocrx_word' id='word_1_233' title='bbox 682 4105 765 4153; x_wconf 84' lang='lat' dir='ltr'><strong>which</strong></span> <span class='ocrx_word' id='word_1_234' title='bbox 790 4106 866 4155; x_wconf 80' lang='lat' dir='ltr'><strong>Louiu</strong></span> <span class='ocrx_word' id='word_1_235' title='bbox 886 4120 939 4153; x_wconf 70' lang='lat' dir='ltr'><strong>nats</strong></span> <span class='ocrx_word' id='word_1_236' title='bbox 961 4103 1100 4162; x_wconf 81' lang='lat' dir='ltr'><strong>corrrpcllcd</strong></span> <span class='ocrx_word' id='word_1_237' title='bbox 1120 4110 1144 4149; x_wconf 85' lang='lat' dir='ltr'><strong>tn</strong></span> 
     </span>
     <span class='ocr_line' id='line_1_38' title="bbox 225 4170 1142 4235; baseline -0.004 -14"><span class='ocrx_word' id='word_1_238' title='bbox 225 4170 443 4235; x_wconf 58' lang='lat' dir='ltr'><strong>”resumptus</strong></span> <span class='ocrx_word' id='word_1_239' title='bbox 462 4175 536 4223; x_wconf 76' lang='lat' dir='ltr'><strong>MSS.</strong></span> <span class='ocrx_word' id='word_1_240' title='bbox 681 4184 779 4235; x_wconf 73' lang='lat' dir='ltr'><strong>ccccm,</strong></span> <span class='ocrx_word' id='word_1_241' title='bbox 802 4190 844 4223; x_wconf 80' lang='lat' dir='ltr'><strong>see</strong></span> <span class='ocrx_word' id='word_1_242' title='bbox 869 4176 932 4234; x_wconf 76' lang='lat' dir='ltr'><strong>llog.</strong></span> <span class='ocrx_word' id='word_1_243' title='bbox 950 4171 1039 4219; x_wconf 77' lang='lat' dir='ltr'><strong>ll&#39;cnd.</strong></span> <span class='ocrx_word' id='word_1_244' title='bbox 1060 4172 1093 4219; x_wconf 85' lang='lat' dir='ltr'><strong>iv.</strong></span> <span class='ocrx_word' id='word_1_245' title='bbox 1114 4176 1142 4219; x_wconf 77' lang='lat' dir='ltr'><strong>al</strong></span> 
     </span>
     <span class='ocr_line' id='line_1_39' title="bbox 225 4240 770 4305; baseline -0.004 -14"><span class='ocrx_word' id='word_1_246' title='bbox 225 4240 303 4291; x_wconf 73' lang='lat' dir='ltr'><strong>&#39;For</strong></span> <span class='ocrx_word' id='word_1_247' title='bbox 324 4244 366 4293; x_wconf 81' lang='lat' dir='ltr'><strong>the</strong></span> <span class='ocrx_word' id='word_1_248' title='bbox 386 4244 557 4305; x_wconf 76' lang='lat' dir='ltr'><strong>ignominious</strong></span> <span class='ocrx_word' id='word_1_249' title='bbox 577 4250 655 4291; x_wconf 77' lang='lat' dir='ltr'><strong>torvus</strong></span> <span class='ocrx_word' id='word_1_250' title='bbox 682 4248 770 4303; x_wconf 80' lang='lat' dir='ltr'><strong>etseq.</strong></span> 
     </span>
    </p>
   </div>
   <div class='ocr_carea' id='block_1_7' title="bbox 0 0 1481 4950">
    <p class='ocr_par' dir='ltr' id='par_1_18' title="bbox 0 0 1481 4950">
     <span class='ocr_line' id='line_1_40' title="bbox 0 0 1481 4950; baseline 0 0"><span class='ocrx_word' id='word_1_251' title='bbox 0 0 1481 4950; x_wconf 95' lang='lat' dir='ltr'><strong> </strong></span> 
     </span>
    </p>
   </div>
  </div>
 </body>
</html>
