2940 4950
569 379 752 427 nunnius.
1073 360 1138 426 123

185 538 319 613 Risam,
345 535 426 600 illuc
451 529 624 600 obriam¹
632 537 663 601 ei
690 543 866 618 properat,
889 555 930 600 ae
958 554 1034 600 eam
1059 536 1138 600 inde
1151 551 1245 643 {popm

185 656 300 701 secum
321 656 430 719 usque
455 635 654 700 Messanam
678 636 834 701 adduxit.
887 636 1052 700 Habebat
1077 655 1138 699 au·
1152 614 1281 692 nre‘otswlu

187 746 256 800 tem
276 736 397 817 regina
413 734 579 800 Alienora
602 755 717 800 secum
741 736 775 799 in
799 737 966 801 comitatu
991 735 1140 800 nobilem
1152 700 1287 752 Bm

186 835 349 919 puellam,
377 833 482 898 filiam
511 834 602 917 regis
635 834 817 913 Navarrae,
850 837 988 900 nomine
1013 836 1141 900 Beren-

187 936 332 1016 gariarn,
350 935 442 1015 regis
457 933 600 998 Ricardi
617 935 769 998 futuram
784 954 938 999 uxorem.
988 934 1140 999 Recusa-

187 1041 287 1098 verat
310 1033 399 1097 enim
425 1053 488 1097 rex
514 1033 698 1110 Ricardus,
724 1053 840 1098 amore
862 1033 956 1098 illius
984 1034 1142 1112 allectus,

189 1152 341 1197 sororem
357 1133 449 1214 regis
464 1133 688 1196 Francorum.
732 1132 898 1198 Alienora
913 1133 1006 1215 regis
1020 1142 1143 1212 mater,

189 1239 269 1315 post
286 1232 436 1314 aliquam
453 1251 596 1309 moram,
613 1231 809 1313 regrediens
827 1253 888 1315 per
905 1233 1032 1315 bargas
1048 1233 1144 1297 venit

190 1331 380 1408 Salernam,
403 1338 438 1394 ot
460 1331 539 1394 inde
561 1332 595 1394 in
615 1330 889 1412 Normanniam3
915 1332 1063 1414 praelata
1079 1333 1144 1396 Be·

192 1432 351 1512 rengaria
375 1449 452 1493 cum
481 1449 563 1512 rege
594 1429 747 1494 Ricardo
777 1431 908 1507 relicta,
941 1450 1044 1514 quam
1075 1449 1145 1494 una

190 1549 268 1593 cum
294 1549 412 1594 sorore
438 1548 503 1593 sua
526 1530 647 1612 regina
675 1529 802 1595 Siciliae
828 1530 996 1612 praemisit
1022 1548 1144 1594 versus

190 1628 343 1713 Cyprum
367 1630 402 1692 in
425 1629 570 1693 navibus
594 1649 672 1712 quaa
692 1630 798 1712 vulgo
820 1628 1002 1694 dromones
1024 1629 1144 1693 dieun-

190 1737 258 1805 tur,
285 1729 420 1810 ipsein
447 1729 556 1810 galeis
582 1748 665 1793 mox
690 1748 767 1793 eum
800 1730 947 1793 navibus
978 1729 1144 1793 onerariis

193 1836 385 1892 secuturus.
438 1828 505 1891 Die
518 1829 635 1910 itaque
650 1828 816 1893 Mercurii
831 1836 910 1911 post
926 1829 1143 1893 Dominieam

191 1926 226 1988 in
258 1927 364 1989 ramis
397 1925 609 2004 Palmarum,
641 1927 897 2035 adspirantibus
930 1929 1035 2005 auris,
1064 1947 1143 1992 cum

195 2024 305 2088 classe
328 2025 465 2087 navium
490 2025 631 2107 copiosa
658 2045 720 2089 rex
746 2004 976 2108 progreditur,
1006 2027 1144 2091 diversa

196 2123 232 2187 in
263 2123 323 2186 illa
355 2123 577 2203 navigatione
609 2125 715 2188 maris
745 2124 899 2208 pericula
932 2133 968 2189 et
996 2126 1145 2208 plurima

196 2223 378 2305 experiens
410 2221 599 2286 infortunia
631 2228 897 2305 tempestatum
935 2243 1080 2305 quarum
1110 2223 1146 2288 vi

195 2322 360 2404 dispersae
391 2328 473 2384 sunt
496 2339 615 2397 naves,
646 2321 689 2386 de
719 2322 845 2405 quibus
874 2322 1033 2405 quaedam
1059 2341 1147 2405 pree·

196 2428 365 2486 venerunt
388 2440 516 2502 regem,
542 2439 687 2503 quarum
711 2427 781 2485 tres
804 2420 992 2503 perierunt,
1014 2430 1049 2486 et
1072 2420 1148 2504 qui·

196 2521 275 2584 dam
317 2520 376 2601 qui
418 2519 554 2583 inerant
595 2520 764 2583 submersi
807 2527 900 2597 sunt,
937 2520 1028 2585 inter
1059 2540 1147 2604 quos

196 2621 356 2701 Rogerus
372 2618 654 2684 Malus-Catulus
678 2620 771 2701 regis
792 2619 962 2701 sigillifer,
985 2639 1063 2683 cum
1085 2639 1147 2683 cu·

191 2718 251 2802 jus
269 2719 372 2782 etiam
396 2736 539 2800 corpore
561 2717 714 2800 sigillum
737 2727 860 2800 postea
878 2726 932 2782 est
955 2716 1146 2783 inventum.

196 2818 325 2882 Eorum
348 2837 430 2882 vero
456 2818 517 2901 qui
540 2817 760 2898 naufragium
783 2824 980 2895 evaserunt,
997 2818 1055 2882 vel
1077 2815 1148 2908 'in-

195 2917 282 2998 tegri
301 2924 530 2998 pervenerunt
547 2916 590 2980 ad
604 2924 744 2993 terram,
759 2917 899 2999 quidam
917 2919 961 2981 ab
975 2916 1148 2999 indigenis

196 3017 421 3098 perimuntur,
455 3015 594 3096 quidam
626 3035 708 3079 vero
740 3017 844 3080 armis
878 3016 1019 3098 spoliati
1049 3017 1147 3081 etin

197 3113 387 3178 custodiam
402 3114 589 3178 intromissi
604 3112 719 3178 inedia
734 3113 946 3196 affliguntur.

249 3212 292 3276 In
316 3212 371 3275 die
393 3231 475 3276 vero
497 3211 532 3276 S.
549 3210 573 3275 J
576 3230 697 3275 oannis
721 3219 801 3276 ante
823 3212 967 3276 Portam
987 3213 1147 3278 Latinam
1161 3233 1248 3275 nent·
1257 3238 1294 3275 on

198 3331 259 3376 rex
288 3310 460 3375 Ricardus
483 3330 561 3374 cum
588 3311 751 3374 universo
776 3312 944 3375 comitatu
969 3330 1045 3388 suo,
1068 3320 1148 3395 post
1160 3284 1303 3379 'ffilsslil

198 3412 326 3476 multos
349 3416 384 3473 et
406 3409 605 3475 fastidiosos
626 3409 776 3487 labores,
802 3410 927 3492 quibus
951 3410 1148 3475 retardatus
1160 3385 1249 3474 mlii

197 3519 282 3587 erat,
313 3510 528 3592 gubernante
553 3510 646 3586 Dn0,
671 3508 839 3574 deductus
860 3515 915 3573 est
937 3509 980 3573 ad
1011 3517 1149 3593 portum
1187 3485 1241 3535 ’Ν

199 3609 305 3692 Cypri
335 3607 426 3691 apud
459 3610 576 3673 urbem
605 3601 797 3673 ³Limezun.
851 3607 927 3673 Neo
961 3611 1122 3674 statim
1112 3631 1148 3674 ιιι

197 3717 324 3773 terram
342 3707 506 3783 ascendit,
531 3707 591 3773 sed
615 3707 659 3773 ad
685 3715 820 3791 tempus
837 3728 874 3772 se
891 3708 1045 3774 cohibuit
1060 3709 1150 3773 infra

199 3828 317 3873 naves.
369 3806 510 3872 Auditis
523 3827 606 3872 vero
620 3808 842 3891 querimoniis
856 3828 960 3891 super
973 3809 1149 3873 hominum

238 4071 244 4100 ¹
263 4070 332 4120 D’A.
343 4071 417 4119 omits
428 4066 485 4120 ‘eil
720 4066 904 4118 '‘Lunezeum
911 4064 926 4129 ;’
939 4069 978 4117 Μ.
986 4066 1060 4115 etAr.
1083 4065 1151 4115 Now

237 4139 247 4171 ²
263 4142 324 4202 ‘qui
336 4140 427 4202 integri
434 4134 450 4200 ;’
468 4138 538 4188 D’A.
687 4138 807 4188 Limasol.
