2940 4950
336 454 382 519 76
696 470 770 518 mc.
793 468 941 517 rnrvnrr

175 638 312 730 {2235ss
337 627 510 706 habeant3
549 625 682 690 malunt
713 645 862 708 namque
892 624 972 689 filiis
1003 622 1089 688 meis
1117 624 1308 692 adhaerere

175 750 234 789 rore-
337 734 460 792 contra
488 746 543 791 mc
568 726 740 808 transfugi
769 733 804 790 et
831 724 990 803 mendici,
1017 743 1123 808 qnam
1148 746 1306 809 regnare

339 846 483 904 meeum,
528 833 563 890 et
601 827 638 890 in
677 824 899 909 amplissimis
937 824 1169 906 dignitatibus
1211 846 1306 911 prae-

338 926 482 1009 fulgere.

389 1025 586 1105 ‘Quoniam
605 1018 705 1089 ¹vero
721 1043 784 1088 vos
801 1023 932 1089 extulit
956 1024 1061 1090 Dnus
1080 1024 1118 1089 in
1139 1025 1301 1090 eminen-

339 1127 424 1191 tiam
451 1124 554 1189 officii
579 1123 777 1207 pastoralis,
799 1123 843 1188 ad
869 1123 1017 1189 dandam
1039 1124 1222 1189 scientiam
1239 1144 1301 1190 sa·

339 1226 423 1289 lutis
447 1224 539 1308 plebi
569 1225 668 1309 Ejus,
693 1224 775 1288 licet
802 1225 927 1289 absens
954 1242 1111 1309 corpore,
1139 1243 1300 1306 praesens

340 1335 454 1390 tamen
479 1324 607 1403 animo,
630 1343 684 1387 me
710 1325 836 1388 vestris
864 1324 1014 1389 advolvo
1039 1323 1189 1407 genibus
1213 1344 1299 1389 con·

339 1426 453 1490 silium
469 1425 622 1489 salutare
639 1424 840 1505 deposcens.
885 1423 1023 1488 Vestrae
1040 1422 1299 1506 jurisdictionis

340 1534 393 1589 cst
422 1544 564 1607 reguum
596 1521 747 1605 Angliae,
781 1531 817 1587 et
844 1530 1011 1606 quantum
1041 1522 1087 1586 ad
1120 1520 1298 1588 ieoditarii

336 1625 426 1709 juris
452 1624 709 1704 obligationem,
726 1622 824 1687 vobis
850 1622 1022 1687 duntaxat
1047 1622 1222 1687 obnoxius
1246 1631 1300 1687 te-

343 1743 436 1787 neor.
490 1724 699 1804 Experiatur
718 1721 849 1803 Anglia
872 1722 954 1804 quid
979 1722 1090 1804 prosit
1113 1720 1299 1787 Romanus

341 1821 509 1905 pontifex,
534 1828 569 1885 et
586 1822 668 1904 quia
690 1822 925 1885 materialibus
948 1822 1053 1886 armis
1077 1840 1148 1884 non
1169 1822 1296 1901 utitur,

343 1921 585 2005 patrimonium
600 1922 694 1985 beati
712 1921 806 1985 Petri
823 1921 996 2003 spirituali
1011 1920 1127 2003 gladio
1143 1928 1298 1987 tueatur.

345 2021 595 2085 Contumeliam
625 2020 771 2084 filiorum
798 2030 953 2104 poteram
981 2020 1086 2086 armis
1110 2020 1300 2086 rebellibus

343 2121 557 2205 propulsare,
572 2121 631 2184 sed
646 2128 779 2203 patrem
794 2141 863 2185 non
878 2140 1018 2204 possum
1032 2139 1172 2185 exuere.
1204 2120 1300 2187 Nam

344 2232 378 2287 ct
395 2223 418 2285 J
421 2222 548 2286 cremia
571 2229 743 2285 testante:
772 2221 1026 2284 ‘Nudaverunt
1047 2220 1161 2284 lamiae
1187 2240 1301 2285 mam·

343 2341 418 2385 mas
444 2342 539 2399 suas,
561 2321 779 2385 lactaverunt
806 2319 939 2385 catulos
965 2312 1089 2385 suos.'¹
1142 2318 1190 2384 Et
1216 2321 1302 2388 licet

345 2430 459 2487 errata
479 2442 597 2487 corum
612 2419 713 2502 quasi
728 2421 852 2483 mentis
871 2418 1021 2484 efferatae
1039 2439 1093 2484 me
1109 2412 1301 2500 'fecerunt

346 2523 479 2586 retineo
494 2528 658 2604 paternos
672 2520 837 2598 affectus3
861 2519 1077 2603 etquandam
1094 2518 1301 2585 violentiam

347 2619 512 2702 diligendi
547 2638 606 2683 eos
641 2620 724 2683 mihi
755 2620 906 2683 conditio
937 2618 1106 2683 naturalis
1134 2619 1299 2702 imponit.

346 2720 513 2784 ‘Utinam
539 2727 701 2799 saperent
727 2728 762 2783 et
785 2719 1030 2800 intelligerent,
1047 2737 1088 2782 ac
1110 2720 1303 2786 novissima

347 2811 608 2900 providerent*
640 2819 789 2883 Lactant
807 2818 896 2882 tilios
912 2838 1007 2883 meos
1022 2819 1201 2883 domestici
1217 2819 1302 2885 hos·

347 2925 412 2993 tes,
426 2926 461 2981 et
472 2918 652 2982 occasione
669 2918 882 3000 malignandi
896 2918 1015 2982 habita
1032 2937 1101 2982 non
1118 2918 1305 2999 desistent,

347 3037 526 3099 quousque
557 3018 733 3099 redigatur
763 3019 873 3083 virtus
904 3037 1022 3081 eorum
1050 3019 1086 3082 in
1111 3019 1304 3100 pulverem,

347 3122 394 3194 et,
416 3136 582 3182 converso
606 3119 719 3200 capite
743 3118 779 3181 iu
807 3118 963 3193 caudam,
981 3119 1072 3183 servi
1096 3136 1215 3181 eorum
1240 3119 1305 3186 do·

347 3217 520 3281 minentur
550 3216 613 3294 oiS,
642 3218 748 3302 juxta
780 3219 920 3282 verbum
953 3217 1037 3281 illud
1077 3216 1306 3286 Salomonis:

347 3317 504 3383 ‘Servus
531 3325 667 3381 astutus
698 3317 769 3379 filio
795 3317 1027 3381 dominabitur
1050 3314 1305 3399 imprudenti.’⁵

349 3417 488 3483 Excitet
518 3437 600 3500 ergo
627 3415 843 3498 prudentiam
868 3424 1017 3480 vestram
1037 3416 1189 3499 Spiritus
1217 3438 1309 3484 con·

348 3517 428 3594 silii,
460 3524 499 3581 ut
529 3516 741 3581 convertatis
770 3516 875 3580 corda
903 3516 1052 3579 filiorum
1080 3515 1123 3580 ad
1152 3524 1307 3599 patrem.

350 3615 420 3678 Cor
441 3616 530 3679 onim
556 3616 664 3697 patris
691 3637 752 3698 pro
775 3615 990 3698 beneplacito
1015 3623 1132 3680 vestro
1155 3635 1310 3683 conver-

350 3722 442 3777 tetur
464 3712 507 3777 ad
531 3713 630 3789 tilios,
654 3716 746 3778 etin
772 3716 838 3778 fide
861 3715 974 3792 Illius,
996 3735 1057 3797 per
1078 3735 1180 3798 quem
1203 3737 1313 3802 reges

350 3821 509 3895 regnant,
535 3821 661 3877 vestrae
687 3815 914 3897 magnitudini
942 3816 1118 3897 promitto,
1145 3834 1202 3881 me
1228 3837 1312 3885 ves·

349 3922 412 3977 trae
444 3914 661 3997 dispositioni
693 3916 729 3978 in
763 3915 920 3979 omnibus
956 3916 1160 3997 pariturum.
1214 3915 1312 4000 Vos,

383 4123 390 4153 ¹
403 4117 504 4187 ‘erg03'
515 4125 552 4174 M.
563 4128 588 4173 et
598 4125 646 4174 Ar.
873 4126 882 4154 ⁴
895 4126 972 4174 Dent,
985 4125 1067 4173 xxxii.
1079 4129 1121 4174 20.

382 4193 393 4222 ²
405 4196 465 4244 Lam
486 4197 521 4244 iv.
534 4200 557 4243 ³.
873 4192 882 4221 ⁵
896 4196 971 4243 l'rov.
983 4195 1046 4243 xvii.
1058 4198 1083 4243 2.

383 4262 522 4315 ”iecerint
531 4261 546 4325 ;'
558 4261 627 4313 u'A.
