2940 4950
407 430 452 495 34
768 441 842 489 roc.
858 440 1008 488 narrari

248 617 343 659 moe
409 598 556 681 siugulis
581 592 668 661 'iere
691 597 824 673 diebus,
852 594 1048 660 itinerando
1077 593 1215 676 fatigat.
1280 593 1370 658 Non

247 668 380 818 Ἧι
410 700 514 774 enim,
536 699 627 762 sicut
648 697 707 761 aio
728 716 840 778 reges,
862 697 899 759 tn
921 695 1055 777 palatro
1081 713 1147 757 suo
1166 693 1277 776 Jaoet,
1300 694 1370 757 sea

246 769 285 809 ὼ
411 817 475 881 per
501 796 698 880 provincias
724 814 867 859 currens
891 794 1054 876 explorat
1078 792 1173 856 sacta
1195 793 1371 870 omnium,

412 897 491 961 illos
515 896 691 978 potissime
708 893 883 977 judicans,
905 913 994 975 quos
1023 891 1205 956 coustituit
1221 890 1368 974 judices

412 996 571 1059 aliorum.
623 993 736 1057 Nemo
750 1001 805 1056 est
820 994 978 1074 argutior
994 993 1031 1055 in
1047 990 1212 1064 consiliis,
1234 991 1273 1053 in
1294 990 1370 1055 elo-

413 1095 495 1177 quio
509 1094 705 1169 torrentior,
720 1093 873 1155 securior
887 1093 923 1154 iu
938 1090 1113 1174 periculis,
1134 1089 1170 1152 iu
1189 1090 1371 1171 prosperis

414 1193 576 1269 timidior,
599 1192 813 1254 constantior
837 1192 873 1254 in
902 1190 1067 1253 adversis.
1118 1187 1231 1266 Quem
1257 1189 1372 1254 semel

413 1293 550 1368 dilexit,
578 1291 638 1354 vix
671 1290 848 1370 dediligit3
879 1309 982 1371 quem
1012 1307 1095 1352 vero
1124 1287 1230 1351 semel
1267 1280 1372 1352 'odio

413 1390 545 1467 habuit,
562 1390 623 1453 vix
638 1390 673 1452 iu
690 1390 838 1470 gratiam
857 1388 1102 1452 familiaritatis
1118 1387 1283 1451 admittit

465 1491 629 1572 ‘Semper
649 1488 686 1551 in
708 1489 868 1551 manibus
889 1495 972 1551 sunt
994 1506 1107 1562 arcus,
1129 1505 1243 1561 enses,
1257 1506 1373 1551 vena·

416 1589 510 1665 bula,
540 1597 576 1652 et
605 1588 764 1669 sagittae3
801 1586 867 1650 nisi
896 1587 943 1650 sit
973 1586 1010 1649 iu
1040 1584 1206 1661 consiliis,
1236 1593 1303 1650 aut
1332 1587 1373 1650 in

415 1687 523 1751 libris.
574 1685 744 1764 Quotiens
767 1685 857 1749 enim
883 1692 998 1768 potest
1021 1684 1154 1748 acoris
1179 1692 1215 1749 et
1235 1685 1372 1749 sollici·

417 1786 595 1849 tudinibus
615 1786 795 1867 respirare,
818 1793 953 1849 secreta
977 1804 1015 1847 se
1036 1790 1184 1866 occupat
1206 1783 1374 1862 lectione,

418 1891 480 1948 aut
505 1885 541 1947 in
562 1903 672 1947 cuneo
699 1883 899 1948 clericorum
927 1884 1075 1966 aliquem
1100 1883 1228 1946 nodum
1250 1901 1374 1966 quaes·

419 1982 522 2047 tionis
548 1982 684 2046 laborat
707 1983 880 2048 evolvere.
938 1983 1031 2047 Nam
1059 2002 1137 2047 cum
1162 2000 1225 2045 rex
1250 1990 1375 2048 vester

417 2082 505 2145 bene
533 2081 668 2145 litteras
690 2082 836 2159 noverit,
865 2103 929 2146 rex
959 2090 1077 2146 noster
1101 2082 1205 2163 longe
1230 2080 1373 2147 littera-

419 2181 487 2246 tior
514 2189 579 2246 est.
632 2181 707 2262 Ego
735 2181 883 2243 enimin
913 2182 1055 2246 litterali
1081 2181 1227 2245 scientia
1256 2180 1374 2246 sacul-

418 2289 509 2346 tates
540 2281 720 2363 utriusque
748 2282 905 2362 cognovi.
958 2280 1061 2344 Scitis
1089 2280 1182 2362 quod
1208 2278 1375 2345 domiuus

419 2401 482 2445 rex
513 2373 657 2444 ³Siciliae
692 2399 754 2462 per
785 2398 913 2443 aunum
941 2379 1130 2462 discipulus
1153 2398 1250 2442 meus
1282 2379 1373 2460 suit3

418 2481 536 2562 etqui
566 2497 588 2542 a
609 2480 707 2542 vobis
737 2479 993 2543 versificatoriae
1019 2487 1123 2561 atqua
1151 2478 1376 2545 litteratoriae

420 2580 506 2641 artis
529 2579 698 2660 primitias
722 2577 903 2654 habuerat,
928 2598 990 2661 per
1013 2578 1217 2642 iudustriam
1240 2585 1278 2641 et
1299 2579 1375 2643 sol-

420 2676 632 2739 licitudinem
660 2695 771 2739 meam
805 2670 990 2741 ⁴beneficia
1021 2677 1174 2741 scientiae
1204 2675 1375 2759 plenioris

421 2774 583 2840 obtinuit.
634 2774 748 2853 Quam
775 2777 844 2840 cito
871 2785 985 2840 autam
1009 2795 1168 2857 egressus
1190 2795 1268 2839 sum
1291 2796 1375 2858 reg-

421 2892 515 2952 num,
542 2875 616 2957 ipse
642 2875 739 2937 libris
768 2875 913 2958 abjectis
935 2870 996 2939 ⁶ad
1021 2877 1130 2939 otium
1158 2894 1195 2939 se
1222 2875 1377 2941 contulit

421 2974 624 3058 palatinum.
672 2973 910 3038 Veruntamen
934 2974 1024 3058 apud
1052 2974 1227 3038 dominum
1253 2994 1376 3056 regern

421 3072 628 3155 Auglorum,
653 3072 856 3154 quotidiana
882 3076 958 3157 ejus
983 3073 1103 3137 schola
1132 3081 1206 3151 est3
1240 3072 1377 3138 littera·

423 3171 633 3235 tissimorum
651 3173 868 3236 conversatio
885 3172 994 3256 jugis,
1017 3180 1053 3236 et
1069 3172 1238 3235 discussio
1255 3191 1376 3254 quaes·

423 3271 566 3335 tionum.
621 3270 749 3333 Nullus
781 3291 862 3351 rege
892 3278 1010 3335 nostro
1040 3280 1094 3335 est
1124 3270 1304 3335 honestior
1337 3273 1375 3336 in

422 3369 606 3453 loquendo,
628 3371 664 3433 in
683 3370 893 3434 comedendo
916 3370 1089 3445 urbanior,
1110 3363 1242 3433 ⁶uullus
1264 3372 1377 3434 muni-

423 3469 578 3533 ficentior
599 3470 635 3532 in
662 3470 901 3551 eleemosynis,
922 3469 1067 3550 ideoque
1089 3468 1189 3551 quasi
1214 3486 1378 3550 unguen·

423 3573 496 3630 tum
506 3568 649 3631 effusum
664 3574 718 3631 est
728 3587 852 3632 nomen
864 3568 952 3652 ejus,
964 3573 1017 3631 ‘et
1028 3568 1265 3651 eleemosynas
1279 3569 1378 3634 illius

422 3673 541 3728 narrat
558 3666 668 3729 omnis
683 3667 828 3729 ecclesia
844 3658 1079 3731 sanctorum.'⁷

459 3861 467 3893 ¹
485 3860 595 3924 ‘feriis;'
607 3866 646 3915 M.
657 3870 681 3913 et
693 3864 740 3916 Ar.
943 3865 953 3896 ⁵
970 3866 1112 3927 ‘paulatim
1125 3867 1159 3915 ad
1173 3866 1253 3915 otium
1271 3881 1301 3916 sa
1319 3884 1382 3920 eon.

458 3930 468 3961 ⁸
483 3933 592 3983 ‘exosus
603 3936 721 3985 habuerit
730 3932 745 3996 ;’
757 3936 799 3986 ed.
810 3941 882 3986 1119.
908 3937 968 3985 tulit
978 3932 992 3995 ς’
1011 3937 1052 3985 ed.
1066 3940 1139 3984 1⁵19.

456 4001 540 4054 'Via
559 4003 670 4054 William
690 4006 728 4055 11.
747 4008 882 4056 surnarned
941 4003 953 4035 ⁶
971 4006 1020 4055 Ed.
1043 4009 1106 4054 1519
1131 4006 1223 4053 inserts
1240 4005 1381 4059 ‘modam

421 4073 478 4124 ‘tte
488 4069 579 4124 Good?
906 4075 955 4124 tior
969 4077 994 4123 in
1012 4074 1147 4131 bibendof'
1158 4073 1219 4136 aud,
1230 4073 1337 4127 instead
1353 4079 1385 4129 oi

456 4142 467 4175 ⁴
482 4145 647 4194 ‘beneficium
657 4140 672 4205 ;‘
683 4145 756 4207 Han,
767 4139 845 4208 D’A,
856 4150 883 4194 et
906 4144 1082 4206 eleemosynis,
1091 4144 1200 4193 ‘donis'

421 4214 463 4265 ed.
475 4218 547 4266 1519.
941 4211 952 4248 ⁷
964 4215 1068 4264 Ecclus.
1080 4215 1152 4264 mi.
1165 4217 1206 4263 11.
