2940 4950
427 449 494 514 300
787 466 859 514 rue.
883 463 1032 512 rnrvnrl

429 635 660 690 consecratus.
708 624 779 688 Hic
807 622 953 687 Parisiis
976 623 1011 686 in
1033 621 1211 704 theologia
1232 628 1382 698 rexerat,

429 733 465 789 et
494 725 642 790 Oxoniae
672 724 837 789 lectiones
866 741 949 787 suas
972 729 1221 806 resumpserat;
1259 721 1382 786 deiude

429 826 586 890 minister
611 824 835 908 provincialis
863 821 1015 905 Angliae,
1040 841 1082 885 ao
1107 822 1247 886 taudem
1275 822 1384 886 lector

430 925 552 1008 palatii
568 927 604 989 in
622 925 782 988 Romana
799 924 896 988 curia
911 923 1025 986 factus
1048 922 1136 986 fuit:
1170 921 1229 1005 qui
1253 922 1383 985 ordinis

429 1025 483 1088 sui
515 1025 646 1089 zelator
667 1034 743 1088 erat
774 1024 980 1107 praecipuus,
1010 1023 1200 1086 carminum
1234 1020 1385 1086 dictator

430 1125 604 1206 egregius,
636 1133 756 1206 gestus
799 1123 994 1206 allatusque
1023 1122 1224 1206 pompatici,
1258 1123 1384 1186 mentis

431 1217 592 1307 ¹[tamen]
611 1225 781 1305 beniguae,
808 1232 844 1289 et
869 1223 975 1286 animi
1002 1221 1186 1285 admodum
1219 1220 1384 1286 liberalis.

433 1324 577 1389 Moneta
600 1324 750 1406 Angliae,
768 1343 831 1407 per
847 1330 1025 1388 tonsuram
1040 1322 1142 1385 nimis
1158 1321 1384 1400 deteriorata,

357 1417 362 1428 '
432 1443 475 1487 ex
492 1423 655 1488 mandato
672 1425 762 1507 regis
780 1431 980 1498 renovatur,
995 1422 1185 1504 obolusque
1201 1421 1264 1503 qui
1287 1423 1385 1505 prius

432 1523 577 1588 formam
603 1523 809 1588 semicirculi
838 1522 1001 1599 habebat,
1025 1530 1192 1604 tauquam
1220 1540 1304 1604 pars
1327 1522 1385 1586 de-

431 1623 519 1687 narii
545 1625 580 1686 in
609 1624 720 1687 medio
749 1624 863 1700 divisi,
887 1621 928 1687 fit
950 1621 1139 1698 rotundus,
1156 1621 1266 1704 juxta
1295 1623 1385 1686 vati·

431 1723 558 1786 ciuium
582 1723 724 1787 Merliui
747 1723 904 1799 dicentis,
927 1721 1120 1785 ‘Findetur
1154 1720 1266 1785 forma
1288 1741 1385 1786 com·

430 1823 561 1899 mercii,
579 1822 758 1887 dimidium
776 1821 962 1887 rotundum
978 1821 1067 1888 erit!
1113 1820 1267 1885 Illustris
1285 1821 1385 1885 miles

431 1921 592 2004 Rogerus
624 1924 667 1987 de
696 1923 941 1987 Mortuo-mari
975 1920 1067 2005 apud
1097 1913 1385 2003 2Keliugworthe

430 2021 548 2084 ludum
598 2022 794 2100 militarem,
845 2040 946 2105 quem
996 2021 1136 2085 vocavit
1181 2020 1384 2085 Rotundam

429 2121 612 2200 Tabulam,
652 2131 788 2187 centum
829 2123 976 2186 militum
1007 2139 1050 2184 ac
1080 2113 1243 2184 ³t0tidem
1275 2121 1386 2186 domi·

429 2242 550 2286 narum
577 2222 787 2298 constituit3
822 2222 866 2286 ad
887 2216 1011 2304 ⁴quam
1039 2239 1102 2304 pro
1124 2239 1299 2284 armorum
1322 2240 1386 2285 cx-

429 2323 549 2386 ercitio
570 2323 612 2388 de
634 2321 781 2385 diversis
802 2323 918 2404 reguis
938 2319 1106 2384 confluxit
1127 2320 1254 2384 militia
1275 2321 1388 2387 multa

433 2423 547 2486 nimis,

486 2523 609 2586 Frater
639 2522 826 2600 Rohertus,
855 2522 929 2607 jam
960 2523 1143 2605 episcopus
1166 2520 1385 2598 Portuensis,

433 2630 511 2704 post
543 2623 728 2686 adventum
758 2642 860 2685 suum
889 2622 933 2686 ad
956 2624 1086 2687 curiam
1112 2621 1269 2703 graviter
1290 2622 1385 2686 iufir-

433 2732 560 2800 matus,
583 2731 663 2804 post
680 2742 810 2804 paucos
832 2721 905 2786 dies
930 2723 967 2786 in
989 2722 1139 2786 Domino
1162 2721 1385 2786 obdormivit.

434 2822 559 2885 Frater
575 2821 730 2887 Joauues
754 2822 797 2886 de
817 2821 1060 2904 Derliugtona,
1083 2821 1262 2886 consessor
1280 2841 1387 2904 quou-

432 2922 511 2984 dam
540 2921 683 2985 Heurici
708 2923 813 3003 regis,
838 2942 883 2986 ex
899 2922 1083 2986 collatione
1107 2921 1225 3005 papali
1240 2920 1386 2985 efficitur

432 3020 709 3104 archiepiscopus
739 3021 977 3099 Dubliuensis,
1008 3022 1067 3104 qui
1090 3021 1242 3086 noudum
1266 3042 1289 3085 a
1317 3020 1386 3085 col·

433 3119 578 3184 lectione
595 3120 804 3185 decimarum
822 3140 883 3203 per
908 3141 1079 3184 summum
1103 3119 1302 3205 pontificem
1320 3120 1387 3184 sibi

433 3220 595 3302 imposita
618 3223 774 3286 totaliter
806 3222 1003 3303 expedituS,
1030 3240 1092 3303 per
1114 3240 1222 3285 anuos
1250 3221 1386 3304 aliquot

433 3322 467 3384 iu
498 3319 627 3402 Anglia
649 3342 779 3385 moram
814 3322 933 3386 traxit.
988 3320 1083 3385 Obiit
1106 3320 1288 3385 Walterus
1311 3319 1388 3384 Gis·

433 3420 519 3497 sard,
546 3421 825 3504 archiepiscopus
849 3421 1098 3485 Eboraceusis:
1135 3421 1190 3484 cui
1218 3421 1387 3484 successit

433 3522 598 3601 magister
625 3521 820 3585 Willelmus
849 3521 892 3584 de
920 3519 1135 3597 wikwane,
1158 3519 1193 3583 iu
1225 3519 1388 3584 Romana

434 3621 529 3683 curia
563 3629 792 3685 consecratus.
869 3620 966 3684 Obiit
996 3621 1100 3684 ctiam
1136 3619 1312 3684 Ricardua
1345 3619 1387 3683 de

436 3762 503 3769 ——.

433 3847 538 3893 conatus
549 3845 661 3907 adjuvet,
675 3862 766 3908 meque
777 3848 895 3908 illustret,
905 3850 907 3877 ¹
919 3853 976 3897 true
984 3847 1136 3911 knowledge
1146 3851 1197 3899 aud
1209 3850 1323 3900 attaiued
1332 3865 1389 3914 pro·

433 3920 459 3962 et
481 3914 592 3962 deducat
613 3916 647 3964 ad
670 3918 847 3978 proprietatem
869 3882 1132 3982 etilouudlearuiug.

434 3989 549 4032 naturam
565 3984 639 4046 lucis,
650 4001 725 4046 quam
737 3989 894 4037 tractandam
956 3985 963 4015 ¹
981 3984 1104 4048 ‘tamem‘
1117 3989 1156 4038 M.

434 4055 537 4115 incipio,
548 4055 733 4118 inquirendam,
741 4063 766 4104 et
775 4058 895 4118 patefaci-
955 4055 967 4089 ¹
983 4058 1025 4108 Sic
1033 4059 1076 4108 the
1084 4055 1388 4120 MSS.;‘Keuilworthsl'

434 4121 542 4173 endnm.'
563 4127 587 4172 A
597 4130 807 4175 commenccment
812 4127 896 4176 which
955 4125 967 4159 ⁸
983 4129 1105 4178 ‘totidem
1111 4125 1127 4191 ;'
1138 4130 1246 4179 omitted
1255 4132 1282 4180 in
1292 4133 1331 4183 M.
1338 4132 1387 4182 aud

434 4195 493 4242 well
509 4195 647 4245 illustratas
661 4197 703 4246 the
723 4197 846 4259 principle
863 4198 897 4258 by
921 4199 969 4250 Ar.

436 4263 517 4312 which
529 4265 663 4316 mediaeval
679 4282 736 4318 men
752 4267 845 4329 sought
860 4267 898 4316 lor
955 4267 968 4300 ⁴
983 4270 1083 4331 ‘quern
1094 4266 1269 4330 i.e.ludnur;’
1281 4270 1331 4322 Ar.
