2940 4950
333 460 399 525 lae
686 476 757 523 nic.
780 472 946 546 univers·

171 658 272 697 mmu-
335 638 429 715 gium
447 656 556 718 usque
574 636 708 712 Aenon,
724 645 758 700 et
774 636 820 699 ibi
839 633 1054 697 morantibus
1071 633 1106 696 in
1128 634 1299 698 tabernis.

173 708 283 797 llll‘da
337 736 436 815 Quos
454 756 530 799 curn
555 757 616 819 per
638 736 879 801 mediationem
896 735 987 815 regis
1003 732 1181 797 Gnidonis
1197 754 1300 799 revo-

337 856 415 900 care
439 856 506 899 non
531 845 658 918 posset,
678 857 739 900 rex
758 834 930 899 Ricardus
948 834 991 897 ad
1009 834 1207 897 exercitum
1223 835 1300 917 ipse

336 936 418 999 illue
435 936 621 1019 profectus
636 946 671 1000 et
690 934 923 999 efficacissime
938 935 1078 998 verbum
1096 932 1234 997 faciens
1254 935 1297 997 ad

338 1036 503 1118 populum
533 1036 665 1100 deiide
689 1044 724 1099 et
749 1054 811 1117 spe
844 1054 923 1117 quae
952 1035 987 1097 in
1020 1033 1136 1097 Dssou
1164 1042 1234 1109 est,
1266 1043 1299 1099 et

339 1129 576 1218 lpeecatorum
600 1135 798 1199 remissione
821 1134 1006 1197 dummodo
1028 1134 1206 1216 peregrini
1226 1134 1301 1198 fue-

340 1237 408 1299 rint
431 1257 498 1300 non
522 1237 605 1312 ficti,
628 1235 899 1319 quamplurimos
920 1233 1106 1298 alinchon
1122 1254 1239 1317 nsque
1254 1234 1298 1297 ad

338 1330 489 1419 ²Joppen
507 1356 622 1400 secum
640 1335 789 1399 reduxit.
837 1334 917 1413 Quo
934 1335 1038 1397 etiam
1058 1334 1202 1415 reginas
1219 1354 1299 1398 cum

338 1437 462 1518 puellis
477 1436 665 1513 transtulit,
681 1442 811 1517 septem
828 1434 953 1498 ibidem
971 1433 1013 1497 ad
1031 1432 1301 1499 coadunandum

338 1546 474 1617 gentem
490 1556 706 1600 commorans
723 1535 935 1617 septimanis.

175 1656 300 1696 novenum
390 1636 477 1700 Cum
496 1645 610 1699 autem
626 1636 681 1700 die
694 1635 857 1717 quadam,
871 1653 947 1697 cum
963 1631 1186 1714 paucissimis
1197 1634 1301 1699 fami-

175 1706 307 1747 ΗΜ
339 1737 490 1811 liaribus,
509 1756 586 1799 cum
605 1736 798 1799 falconibus
824 1735 896 1798 suis
918 1733 1107 1816 spatiatum
1132 1752 1299 1815 egressus

340 1843 443 1913 esset,
460 1857 506 1898 ex
524 1837 644 1900 itinere
662 1836 830 1917 fatigatus
848 1842 882 1898 et
900 1833 1029 1897 laboris
1053 1840 1241 1915 pertaesus,
1264 1836 1297 1898 iu

340 1935 416 1999 loco
449 1936 599 2019 quodam
623 1938 688 1999 snb
718 1935 798 1998 divo
826 1934 1012 1998 dormivit:
1047 1941 1083 1996 et
1108 1952 1193 1997 eece
1219 1954 1299 1999 cnm

340 2036 469 2117 impetu
501 2038 677 2100 irruebant
706 2032 824 2109 Tucci,
857 2042 896 2097 ut
927 2034 1040 2115 ipsum
1072 2034 1300 2116 comprehen-

340 2134 460 2198 derent
478 2137 721 2217 improvisum3
742 2134 860 2217 quiex
877 2133 1135 2197 advenientium
1155 2133 1295 2199 fremitu

339 2236 616 2317 expergefactus,
640 2255 764 2317 equum
788 2233 955 2310 ascendit,
978 2240 1013 2296 et
1033 2239 1198 2297 extracto
1222 2235 1297 2317 gla-

338 2335 396 2399 dio
412 2356 489 2399 cum
512 2336 595 2411 suis,
616 2335 740 2398 Turcis
761 2334 896 2398 obviam
919 2331 1087 2415 procedit,
1109 2333 1299 2417 fugamque

340 2437 543 2501 sinnrlantes
580 2437 773 2518 insequitur
806 2434 931 2510 acrius,
964 2452 1074 2516 usque
1104 2434 1151 2497 ad
1182 2434 1295 2499 locum

338 2536 539 2599 insidiarum
571 2537 735 2618 ipsorum.
791 2534 891 2597 Unde
925 2534 1041 2597 subito
1073 2544 1296 2616 erumpentes

339 2635 476 2716 plurimi
509 2656 623 2717 regem
650 2656 725 2699 cnm
756 2635 973 2716 paucissimis
1002 2634 1075 2696 suis
1102 2633 1295 2699 circumde-

338 2734 474 2812 derunt,
507 2756 608 2818 quem
637 2745 718 2799 tunc
749 2734 898 2797 humano
928 2733 1134 2797 destitutum
1162 2734 1295 2799 auxilio

339 2836 689 2918 comprehendissent,
710 2836 739 2897 si
762 2836 837 2917 ejus
855 2834 993 2917 plenam
1011 2832 1173 2897 notitiam
1190 2834 1293 2898 habu-

341 2937 458 3000 issent.
496 2936 561 2999 Sed
578 2956 668 3012 ecce,
687 2934 831 2998 confuso
849 2933 1035 2997 certamine
1051 2934 1293 3001 contendenti-

340 3035 416 3109 bus,
440 3056 528 3098 unus
551 3037 721 3099 sociorum
746 3035 849 3115 regiS,
872 3035 1009 3097 nomine
1025 3032 1226 3097 Willelmus
1241 3028 1293 3098 ³de

341 3134 513 3211 l’ratollis‚
533 3136 743 3198 exclamavit
759 3136 922 3197 idiomate
938 3132 1159 3210 Saracenico,
1182 3154 1221 3198 se
1242 3154 1293 3198 re·

340 3253 508 3309 perarasse
526 3234 711 3298 affirmans,
765 3234 831 3297 Cui
850 3233 956 3296 Turci
970 3233 1163 3311 credentes,
1182 3234 1292 3317 ipsum

340 3333 551 3397 Willclmnm
589 3334 872 3416 comprehensum
908 3332 1089 3398 confestim
1119 3333 1168 3397 ad
1196 3354 1293 3397 sunm

340 3435 528 3498 exercitum
561 3433 776 3497 deduxerunt
808 3428 1011 3515 *captivum
1070 3432 1185 3499 Fama
1214 3433 1294 3498 facti

340 3536 542 3614 perveniens
576 3535 619 3596 ad
655 3534 858 3609 exercitum,
884 3534 978 3615 ipsos
1005 3533 1049 3596 ad
1075 3552 1177 3597 arma
1203 3552 1294 3599 com·

340 3635 468 3711 movit;
492 3634 650 3715 quidum
674 3634 941 3716 progrediuntur
964 3653 1078 3715 regem
1102 3634 1294 3715 quaesitnri,

341 3735 524 3797 revertenti
543 3744 738 3797 occurrunt.
790 3733 961 3798 Abierunt
978 3733 1070 3797 enim
1091 3731 1201 3800 Turci
1220 3734 1294 3799 lon·

341 3833 430 3911 gius,
455 3842 617 3914 putantes
640 3854 677 3896 se
698 3853 812 3913 regern
828 3832 1010 3910 adducere,
1028 3834 1129 3918 cujus
1146 3844 1295 3918 quatuor

342 3932 425 3994 socii
455 3933 488 3993 iu
520 3935 608 3996 bello
639 3934 832 3996 ceciderant
862 3933 1045 3996 interfecti.
1100 3933 1190 3999 Post
1218 3934 1293 4012 hoc,

344 4043 450 4051 ——--
476 4047 481 4051 .
534 4048 544 4053 -
577 4048 595 4053 ...
646 4046 741 4053 ,.—--...
776 4046 872 4052 —....—
881 4044 1008 4052 .——---

379 4090 385 4120 ¹
404 4095 451 4143 ‘de
463 4092 645 4156 peccatorum3'
657 4094 727 4145 D'A.
832 4094 878 4143 Ar.
927 4095 1063 4176 limmpton
1083 4096 1152 4177 calle
1175 4098 1228 4149 him
1245 4100 1294 4149 ‘de

833 4162 1296 4304 Palaesten.

377 4296 388 4329 ⁸
404 4298 453 4347 ‘de
467 4298 599 4349 Pratellis‘
611 4300 702 4349 iefrom
711 4301 748 4351 Μ.
758 4301 806 4349 and
833 4304 885 4353 and
896 4304 943 4354 Ar.
