2940 4950
583 447 763 497 auulsas.
1081 432 1149 498 359

189 598 283 685 quod
303 601 493 666 adunatum
518 601 632 666 luerat
654 623 716 686 pro
732 604 885 669 exercitu
902 624 966 670 suo
983 606 1019 669 in
1038 604 1144 670 Flan-

188 701 299 767 driam
328 701 591 767 transvehendo.
650 702 747 767 Villa
771 713 886 769 autem
913 705 956 769 de
977 705 1142 771 Winche·
1155 725 1299 767 means

190 800 309 879 leseia,
338 803 397 866 ubi
422 810 543 885 portus
572 810 658 879 erat,
684 823 789 887 super
815 811 965 869 montem
992 807 1061 871 sita
1089 776 1289 870 estffililf'

189 909 376 985 praeruptae
396 902 603 980 altitudinis,
627 923 672 967 ex
690 923 732 968 eo
753 903 861 968 latere
876 924 945 987 quo
970 906 1026 969 vel
1047 926 1141 971 mare

190 1002 345 1084 respicit,
370 1002 423 1066 vel
447 1002 603 1068 imminet
630 1003 769 1067 navium
792 1005 948 1082 stationi,
970 1006 1060 1071 unde
1083 1007 1142 1070 via

189 1120 271 1183 quae
300 1120 322 1165 a
351 1110 453 1184 porta
479 1101 573 1166 villae
599 1101 740 1167 deducit
762 1103 806 1166 ad
839 1112 987 1186 portum,
1014 1106 1141 1170 nonin

189 1200 359 1265 directum
387 1200 448 1287 (ne
477 1201 585 1265 nimia
607 1201 805 1267 declivitate
834 1203 1079 1270 descendentes
1104 1205 1140 1269 in

189 1298 433 1383 praecipitium,
465 1301 521 1365 vel
542 1301 765 1367 ascendentes
794 1322 912 1385 repere
932 1305 1048 1387 potius
1069 1323 1141 1369 ma-

189 1400 292 1464 nibus
319 1419 422 1482 quam
446 1401 622 1465 ambulare
644 1399 779 1486 cogat)
796 1402 970 1484 tenditur;
993 1405 1052 1470 sed
1077 1406 1139 1468 ob·
1163 1406 1171 1423 '

189 1499 288 1582 liqna
310 1501 348 1564 in
373 1500 465 1565 latus
488 1521 579 1565 nunc
606 1500 650 1564 ad
677 1520 781 1566 unam
807 1511 953 1585 partem,
980 1524 1073 1568 nunc
1095 1504 1140 1568 ad

190 1598 309 1676 aliam,
328 1600 479 1664 sinuosis
494 1600 643 1665 flexibus
660 1602 788 1685 saepius
803 1611 1017 1668 recurvatur.
1057 1603 1139 1668 Cin-

188 1699 286 1781 gitur
311 1698 531 1765 nihilominus
562 1700 647 1766 villa
678 1720 748 1766 non
780 1721 878 1767 muro
907 1703 1056 1786 lapideo,
1079 1703 1140 1768 sed

190 1818 321 1881 aggere
341 1798 384 1864 de
407 1809 501 1865 terra
525 1800 630 1878 facto,
652 1819 693 1866 ac
719 1822 824 1884 super
845 1802 938 1867 latus
960 1803 1026 1867 hoc
1052 1823 1140 1887 prae·

188 1907 329 1981 ruptum
357 1899 393 1963 in
423 1900 560 1965 modum
588 1894 809 1966 ¹moeniorum
831 1902 1060 1968 adhumanas
1088 1903 1139 1967 al·

189 1999 372 2063 titudinem
404 2007 548 2065 staturae
573 2008 710 2080 erect03
746 2002 838 2066 inter
858 2003 959 2086 cujus
989 2022 1140 2087 propug-

190 2098 318 2163 nacula
331 2106 428 2182 patet
443 2100 487 2165 ad
507 2119 612 2165 naves
629 2100 824 2183 adspectus.

242 2198 426 2281 Ingressus
449 2201 567 2282 itaque
590 2220 651 2264 rex
672 2200 802 2278 villam,
827 2220 905 2264 cum
922 2200 1030 2285 juxta
1049 2200 1276 2315 hancnanfm

189 2299 374 2381 equitaret,
395 2297 485 2364 inter
507 2302 646 2383 aggeris
668 2301 929 2383 propugnacula
945 2301 1139 2365 contuendo
1152 2277 1281 2375 tillidi

189 2398 337 2463 classem
366 2399 403 2465 in
428 2400 497 2464 imo
520 2408 681 2476 stantem,
714 2401 861 2482 contigit
883 2407 922 2465 ut
944 2400 1140 2465 molendino
1153 2376 1292 2416 w¹”⁰¹²⁸¹”⁸'

189 2498 326 2562 cuidam
349 2499 441 2583 quod
464 2508 567 2564 vento
585 2501 755 2582 agebatur
775 2499 985 2586 (cujusmodi
1001 2502 1037 2564 in
1056 2501 1140 2565 villa

188 2597 250 2662 illa
277 2606 360 2663 sunt
385 2597 550 2684 plurima)
574 2601 881 2683 appropinquaret,
904 2594 1000 2684 ¹ejus
1030 2620 1139 2683 equus

189 2698 338 2781 strepitu
354 2698 521 2777 velorum,
540 2700 681 2764 citatius
708 2699 992 2765 circumactorum
1018 2720 1041 2765 a
1056 2721 1139 2766 ven-

190 2805 241 2874 to,
265 2799 417 2874 territus,
440 2799 521 2862 dum
546 2799 708 2882 progredi
732 2800 870 2882 refugit,
893 2809 930 2865 et
954 2819 976 2864 a
996 2820 1078 2883 rege
1101 2808 1140 2865 ut

190 2898 456 2981 progrederetur
484 2918 575 2963 nunc
606 2899 736 2981 flagelli
769 2900 862 2982 quod
889 2920 992 2965 manu
1021 2908 1138 2984 gesta·

189 2997 251 3061 bat
274 2997 413 3074 ictibus,
435 3018 525 3063 nunc
552 3000 698 3064 subditis
724 3000 917 3065 calcaribus
946 3009 1139 3083 urgeretur,

189 3116 214 3161 a
229 3096 339 3162 latere
353 3099 491 3180 aggeris
507 3099 770 3182 propugnacula
786 3101 984 3165 transilivit.
1027 3101 1139 3183 Super

190 3214 262 3279 qno
279 3197 464 3262 multitudo
481 3207 552 3263 tam
572 3199 728 3281 equitum
749 3218 853 3281 quam
874 3199 1041 3282 peditum,
1058 3219 1137 3283 quae

190 3296 247 3361 vel
275 3316 392 3378 regem
420 3300 640 3380 sequebatur,
674 3297 729 3362 vel
760 3299 873 3380 ipsum
906 3300 1024 3363 visma
1057 3319 1139 3363 con-

189 3404 346 3473 venerat,
375 3391 527 3462 ’nemine
558 3397 653 3462 uliud
690 3398 863 3462 aestimare
906 3397 1044 3462 valente
1074 3397 1139 3461 nisi

190 3495 283 3581 quod
305 3516 368 3560 rex
388 3496 464 3581 jam
487 3516 555 3562 non
580 3516 782 3580 comparens
805 3497 996 3582 praecipitio
1017 3496 1052 3561 in
1074 3497 1140 3562 hoc

189 3596 283 3661 saltu
296 3596 468 3679 periisset,
489 3598 607 3662 stabat
623 3596 807 3660 admodum
825 3597 1040 3681 stupefacta;
1067 3597 1141 3676 sed,

188 3696 308 3761 divina
332 3696 536 3779 disponente
568 3696 709 3774 virtute,
738 3716 846 3781 equus
877 3717 898 3761 a
931 3706 1032 3762 tanta
1061 3698 1140 3763 alti·

189 3796 310 3862 tudine
332 3796 369 3860 in
394 3796 452 3861 via
474 3816 577 3879 quam
603 3796 847 3880 descripsimus
880 3799 1025 3881 pedibus
1056 3798 1143 3863 reci-

189 3896 296 3981 pitur,
321 3896 358 3960 in
386 3915 456 3980 qua
484 3917 528 3960 ex
554 3906 691 3962 recente
724 3898 845 3981 pluvia
866 3898 1064 3982 aliqualiter
1084 3918 1141 3961 so-

226 4122 234 4153 ¹
251 4124 319 4173 ‘i.e.
335 4121 480 4185 moenium;’
500 4123 587 4174 ΜΛ
605 4124 652 4173 but
713 4121 724 4151 ¹
740 4117 860 4184 ‘cujus3’
878 4116 947 4170 ΠΛ.
958 4120 1107 4171 adraso.

185 4193 303 4318 ghend
322 4192 371 4243 Ar.
394 4198 444 4243 Μ
465 4193 530 4243 have
547 4194 650 4244 ‘nemo-
675 4191 725 4313 A:
738 4192 855 4242 ‘nemine
877 4190 948 4240 aliud
972 4183 1143 4250 assumente?
