2940 4950
588 479 772 528 annaeus.
1093 468 1159 534 277

200 626 299 717 ¹post
324 634 530 717 quindenam
556 634 703 699 Paschae
727 639 905 719 pervenit;
928 659 998 721 quo
1016 639 1081 704 nisi
1099 642 1157 705 ad-

198 734 364 811 venisset,
392 735 482 797 infra
514 742 676 817 quartum
709 736 798 800 diem
831 739 875 800 ab
908 738 1058 804 adventu
1092 760 1157 806 suo

198 832 331 910 fuisset,
371 842 409 897 ut
444 833 633 910 dicebatur,
670 837 752 899 urbs
788 837 922 901 reddita
959 839 1155 905 Saracenis.

198 932 352 1011 Quidam
369 944 579 998 mercatores
595 933 721 998 Veneti
744 936 837 1017 apud
862 936 1071 1003 Edwardum
1095 960 1153 1005 ac-

197 1034 323 1110 cusati,
339 1033 430 1115 quod
450 1031 630 1097 Saracenis
651 1053 748 1098 arma
768 1043 803 1099 et
819 1037 986 1102 victualia
1010 1038 1152 1104 detulis-

196 1140 288 1208 sent,
315 1142 493 1215 comperta
510 1134 657 1198 varitate
681 1135 869 1198 secundum
895 1156 958 1201 sua
987 1138 1153 1204 demerita

195 1231 396 1314 puniuntur.

248 1331 420 1396 Soldanus
456 1332 673 1417 Babyloniae,
714 1332 774 1414 qui
812 1336 987 1400 civitatem
1028 1337 1150 1402 Achou

194 1441 350 1515 coeperat
383 1451 598 1514 oppugnare,
629 1452 705 1496 cum
743 1437 898 1498 exercitu
932 1435 974 1499 ad
1010 1440 1150 1520 propria

194 1534 390 1609 revertitur,
416 1551 479 1614 spe
508 1531 699 1597 fraudatus.
753 1532 939 1612 Hauricus,
968 1535 1058 1600 filius
1088 1537 1150 1602 Ri-

194 1632 290 1697 cardi
313 1632 486 1714 quondam
512 1633 602 1713 regis
622 1632 870 1710 Romanorum,
896 1636 1066 1700 transiens
1089 1658 1150 1720 per

196 1730 373 1809 Tusciam,
401 1724 496 1794 'cum
530 1731 622 1815 apud
657 1731 850 1796 Viterbium
883 1736 1063 1798 missarum
1093 1758 1150 1802 so-

194 1829 330 1895 lemniia
353 1833 545 1907 interesset,
569 1832 603 1894 in
627 1831 773 1895 ecclesia
793 1837 905 1899 sancti
925 1834 1104 1900 Laurentii
1128 1858 1149 1902 a

194 1928 356 1995 Gnidone
383 1931 426 1994 de
457 1929 679 1995 Monte-forti
705 1932 882 1997 occiditur.
935 1936 1147 2014 Bouiiacius,

193 2030 474 2113 archiepiscopus
501 2030 775 2107 cantuariensis,
806 2035 970 2116 migravit
1002 2035 1046 2098 ad
1078 2037 1148 2101 Do

193 2130 347 2209 miuum;
388 2130 489 2214 cujus
526 2131 560 2193 in
601 2150 834 2195 successorem
874 2135 969 2216 prior
1008 2133 1149 2216 eligitur

191 2228 447 2295 monachorum.

205 2450 232 2487 Ι).
244 2450 271 2487 lt.
282 2449 301 2485 J,
311 2450 334 2486 0.
426 2450 449 2485 Ρ.
463 2449 625 2484 ROMANORUM
639 2450 664 2485 il.
772 2450 923 2486 FRANOORUH
979 2452 1119 2487 incautum

353 2507 469 2516 -—

210 2537 330 2575 noemi.
375 2536 523 2573 vicinonia
594 2537 699 2572 nicanor
769 2535 879 2571 rurum
891 2536 932 2572 111.
971 2538 1128 2576 naumann.

442 2598 466 2643 a.
630 2597 670 2641 lo.
841 2596 865 2641 1.

242 2720 436 2802 Enwnnoo
459 2736 532 2800 filio
559 2736 651 2817 regis
675 2734 814 2817 Angliae
840 2736 875 2798 in
903 2735 1026 2801 Achon
1052 2756 1280 2807 com-Attempted

1154 2808 1307 2849 ununtnatton

190 2844 361 2914 morante,
382 2837 561 2899 assacinus
587 2835 727 2917 quidam
753 2836 813 2918 qui
840 2838 969 2919 saepius
995 2838 1039 2901 ad
1065 2859 1141 2901 eum
1155 2858 1276 2898 urrunnu

1155 2913 1178 2947 at
1187 2910 1247 2948 Acte.

191 2937 335 3001 nuntius
357 2935 528 3001 admiralii
553 2934 740 3017 Joppensis
763 2936 880 3000 venire
903 2947 1141 3015 consueverat,

189 3038 325 3120 fingens
339 3055 377 3100 se
394 3035 483 3101 velle
498 3035 530 3098 ei
546 3034 704 3116 quaedam
725 3035 851 3099 referre
870 3046 1015 3115 secreta,
1032 3039 1141 3102 omni-

188 3138 256 3201 bus
268 3156 291 3201 a
304 3154 442 3201 camera
458 3134 621 3211 exclusis,
638 3135 750 3217 ipsum
769 3136 812 3198 ad
831 3135 1015 3199 fenestram
1033 3156 1142 3218 qnan-

189 3238 271 3302 dam
293 3236 537 3319 appodiantem
557 3254 602 3298 ex
620 3234 808 3316 improviso
824 3235 965 3298 cultello
982 3236 1142 3301 vulnerat

186 3346 371 3401 venenato.
423 3333 534 3412 Quem
553 3333 745 3398 Edwardus
762 3333 849 3416 pede
872 3352 1083 3415 percussum,
1106 3343 1140 3398 et

187 3435 233 3501 ad
259 3444 385 3501 terram
411 3439 797 3518 prostratum,.extorto
820 3432 862 3496 de
889 3434 1047 3496 manibus
1065 3432 1140 3516 ejus

186 3535 341 3613 cultello,
372 3534 511 3600 occidit.
575 3531 616 3595 In
650 3534 866 3596 extractione
897 3552 979 3596 vero
1008 3533 1139 3597 cultelii

186 3636 352 3713 violenta,
369 3634 519 3717 seipsum
537 3632 572 3694 in
589 3651 693 3696 manu
709 3632 870 3697 vulnerat
890 3633 976 3696 etin
999 3632 1112 3698 fronte
1126 3653 1136 3711 ;

184 3735 331 3801 vulnera
362 3753 446 3798 vero
478 3733 553 3817 ejus
583 3741 764 3814 grassante
790 3751 922 3796 veneno
953 3734 1071 3799 multis
1103 3741 1138 3798 ct

184 3836 292 3900 variis
305 3834 469 3900 adhibitis
483 3832 642 3897 remediis
661 3834 721 3896 vix
739 3839 915 3898 curantur.

293 4041 301 4072 ¹
319 4044 381 4106 ‘per
390 4038 407 4103 ;’
419 4043 458 4093 M.
469 4046 495 4091 et
505 4040 554 4091 Ar.
639 4036 644 4107 Ι
693 4037 704 4069 ²
719 4041 793 4089 ‘cum
801 4035 819 4103 ς’
831 4041 944 4102 wanting
955 4041 981 4088 in
992 4042 1030 4090 Μ.
