2940 4950
393 435 461 501 248
754 446 828 492 mc.
845 444 993 492 rarvnrr

396 607 561 674 trecentis
580 604 732 668 millibus
752 601 917 665 librarum
935 598 1194 664 Turonensium
1213 592 1357 681 ¹parva·

397 727 484 784 rum,
506 704 745 787 promissaque
764 701 983 765 restitutione
1004 708 1173 763 terrarum
1197 699 1243 763 ad
1262 699 1355 763 valo

397 826 467 869 rem
485 804 609 886 viginti
627 800 772 865 millium
787 800 953 863 librarum
970 800 1079 862 annui
1095 817 1233 874 census,
1247 797 1357 862 omni-

398 907 463 968 bus
480 905 582 967 terris
598 902 634 964 in
650 919 753 963 manu
774 899 873 979 regis
891 897 1105 961 Francorum
1127 898 1357 961 existentibus

398 1003 590 1083 resignavit
612 1000 712 1082 plene
738 1006 774 1062 et
798 1017 895 1079 pure.
949 995 996 1060 Et
1018 996 1143 1060 exinde
1164 997 1356 1059 litterarum

399 1121 539 1166 suarum
562 1095 796 1162 ²abbreviavit
813 1095 966 1169 titulum,
989 1103 1030 1158 ut
1045 1114 1108 1159 nec
1123 1095 1246 1158 ducem
1266 1094 1357 1158 Nor·

401 1202 562 1275 manniae,
590 1217 653 1261 nec
677 1196 837 1260 comitem
868 1194 1098 1275 Andegaviee,
1128 1193 1292 1276 deinceps
1320 1212 1357 1256 se

403 1309 554 1365 vocaret.
607 1295 811 1360 Manfredus
836 1293 927 1357 tilius
951 1293 1125 1356 Frederici
1152 1312 1191 1356 se
1216 1292 1300 1356 iecit
1323 1293 1356 1355 in

402 1419 518 1480 regem
549 1396 677 1461 Siciliae
710 1394 882 1469 coronari,
912 1392 1050 1474 nepotis
1082 1393 1137 1455 sui
1171 1390 1357 1456 Gonradini

403 1507 513 1561 morte
534 1496 702 1559 conficta:
727 1511 829 1574 quem
846 1510 938 1575 papa
954 1490 1170 1568 Alexander,
1191 1500 1357 1571 tanquam

404 1598 502 1677 regni
523 1597 729 1664 invasorem,
752 1591 993 1672 fautoremque
1016 1589 1281 1663 Saracenorum,
1298 1608 1358 1651 ex-

403 1693 686 1766 communicavit,
707 1691 869 1771 omnique
892 1689 1023 1754 honore
1039 1696 1075 1754 et
1092 1689 1265 1771 dignitate
1281 1707 1359 1751 sen·

404 1795 514 1858 tentia
524 1789 684 1875 judiciali
700 1790 863 1871 privavit.

423 1971 448 2008 D.
462 1971 554 2006 mc.
654 1968 892 2006 mormannum.
997 1969 1151 2007 fastuosum
1202 1968 1340 2005 suetonum

411 2028 557 2039 -—-

445 2056 540 2094 uccnx.
594 2056 786 2094 scansurum.
842 2057 946 2094 mmrnr
998 2055 1345 2094 nonovrcrrx.srrru1crru.

680 2117 706 2162 θ.
882 2119 907 2164 6.
1061 2117 1102 2162 u.
1246 2117 1288 2163 44.

457 2252 688 2317 Jusrrrmnrr
714 2254 805 2333 regis
831 2253 972 2336 Angliae
994 2255 1054 2336 qui
1075 2254 1238 2318 dicuntur
1261 2255 1361 2319 itine-

409 2353 468 2428 ris,
480 2354 576 2415 missi
590 2351 832 2416 Heresordiam
849 2373 912 2435 pro
924 2373 989 2416 suo
999 2354 1221 2437 exsequendo
1237 2353 1359 2430 officio,

408 2451 645 2533 repelluntur;
673 2450 904 2533 allegantibus
926 2452 992 2528 his,
1018 2454 1078 2534 qui
1100 2453 1173 2534 regi
1198 2453 1360 2517 adversa·

409 2551 546 2624 bantur,
568 2551 663 2632 ipsos
688 2558 809 2613 contra
830 2550 975 2615 sormam
1000 2552 1243 2616 Provisionum
1267 2552 1360 2616 Oxo-

408 2650 475 2710 niae
503 2669 611 2730 nuper
632 2650 800 2712 factarum
824 2651 969 2717 venisse.
1024 2651 1214 2716 Florentini
1237 2651 1362 2716 coadu-

409 2749 483 2811 nati
508 2758 545 2809 ut
568 2749 744 2811 civitatem
769 2749 950 2813 Senensem
977 2751 1206 2824 destruerent,
1231 2770 1254 2814 a
1274 2752 1361 2814 mili·

410 2846 502 2909 tibus
532 2846 705 2908 Manircdi
734 2857 769 2910 et
795 2848 952 2913 Jordano
977 2851 1114 2925 comite,
1143 2850 1203 2930 qui
1230 2859 1361 2931 partem

410 2944 497 3007 fovit
515 2944 549 3006 M
556 2944 698 3020 aufredi,
716 2948 920 3025 vincuntur;
947 2956 1119 3032 captaque
1137 2968 1256 3012 eorum
1280 2950 1361 3011 civi-

410 3052 482 3106 tate
509 3051 544 3106 ct
572 3045 605 3106 in
635 3053 734 3126 parte
765 3045 953 3123 destructa,
983 3049 1049 3129 ipsi
1079 3048 1231 3111 dominio
1257 3048 1360 3131 subji-

409 3145 547 3206 ciuntur
577 3143 777 3207 Senensium
811 3154 845 3209 et
879 3146 1064 3211 Manfredi.
1117 3146 1214 3211 Inter
1246 3167 1360 3227 regem

413 3243 578 3323 Ungariae
604 3252 638 3306 et
656 3244 807 3308 Boemiae
829 3265 892 3326 pro
913 3246 1118 3328 quibusdam
1138 3247 1238 3310 terris
1256 3267 1362 3327 grave

411 3344 630 3407 commissum
660 3352 712 3406 est
738 3343 908 3425 praelium,
935 3344 1215 3428 fugientibusque
1240 3346 1360 3427 Unga·

412 3444 471 3505 riis
494 3443 631 3523 plurimi
654 3443 695 3505 de
718 3443 768 3505 eis
791 3443 992 3507 occiduntur
1009 3445 1147 3524 gladi03
1170 3445 1230 3508 sed
1255 3447 1361 3509 multo

412 3541 527 3622 plures
557 3543 825 3621 submerguntur
859 3544 894 3606 in
929 3543 1048 3619 fluvio,
1080 3564 1181 3627 quem
1216 3546 1361 3608 transire

410 3640 563 3720 oportuit
582 3641 764 3720 fugientes.
819 3641 943 3723 ltaque
962 3663 1042 3724 rege
1066 3645 1219 3708 Boemiae
1245 3644 1363 3725 Ungu-

410 3739 494 3800 riam
518 3740 679 3816 intrante,
699 3760 759 3802 rex
782 3741 1013 3822 Ungariorum
1044 3753 1154 3807 terras
1177 3753 1362 3826 usurpatas

410 3839 595 3901 restituens
624 3858 743 3920 pacem
773 3840 866 3917 fecit,
893 3850 928 3905 et
949 3841 1121 3907 mediante
1144 3843 1362 3907 matrimonio

410 3938 578 4000 amicitias
593 3938 628 3999 in
644 3938 796 4002 futurum
814 3939 974 4004 firmavit.

446 4086 452 4116 ¹
471 4090 620 4149 ‘parvorum
629 4086 644 4149 ;'
664 4092 725 4140 Ccd.
740 4093 820 4153 Regu:
838 4098 877 4141 ‘et
903 4094 959 4143 MS.
971 4109 1003 4141 on
1016 4094 1058 4142 the
1070 4094 1203 4143 alteration
1215 4097 1245 4145 ol
1256 4098 1298 4147 the
1309 4101 1364 4146 coin

410 4172 468 4216 gros
479 4160 605 4208 Tournais
618 4161 735 4221 Englays
746 4176 777 4222 qe
790 4164 876 4210 valent
902 4165 927 4210 in
943 4164 985 4211 tbe
1001 4165 1061 4211 time
1078 4165 1106 4212 oi
1121 4166 1233 4214 Edwnrd
1248 4168 1280 4228 l.,
1297 4169 1364 4229 apud

410 4232 875 4292 verraymentquatereesterlingeseu
904 4233 1031 4295 Laugtuit,
1039 4249 1065 4294 p.
1073 4238 1130 4282 2³8.

410 4295 498 4346 achate
509 4305 535 4346 rt
548 4306 604 4348 vent
613 4295 628 4359 3'
651 4301 764 4363 Heurne,
780 4302 842 4349 irum
860 4319 875 4350 n
937 4300 946 4329 ¹
962 4299 1124 4362 ‘alienavit3'
1138 4305 1176 4353 M.
