2940 4950
574 471 757 521 unvanus.
1077 459 1141 523 :341

187 637 323 695 tantum
348 650 409 713 per
429 630 517 694 duas
539 629 656 694 leucas
673 632 718 695 ab
740 633 825 696 urbe
850 630 1033 709 distantes,
1051 632 1138 696 cele·
1154 649 1273 690 numne

187 731 272 794 riter
294 750 477 813 occupare.
542 724 763 795 ¹Praemuniti
786 732 1039 815 aliquantulum
1068 730 1140 796 An-

1152 700 1305 742 actiourtbare.

185 830 269 912 gliei
295 830 337 894 de
364 833 515 896 adventu
538 831 700 909 hostium,
726 832 770 896 ad
794 832 920 896 bellum
945 852 982 896 so
1002 841 1139 915 parant,

185 937 223 994 et
256 931 393 1007 armati,
431 937 535 1013 prout
570 931 737 995 articulus
777 933 941 1014 temporis
973 933 1139 1016 permisit,

185 1031 280 1113 parti
319 1037 505 1094 occurrunt
543 1029 723 1111 adversae3
770 1041 997 1114 consertoque
1039 1033 1138 1113 gravi

186 1129 323 1213 praelio,
354 1150 422 1194 non
457 1130 531 1193 sine
561 1138 679 1211 strage
709 1130 831 1209 multa,
865 1129 988 1196 Gallos
1010 1140 1140 1214 cogunt

187 1228 232 1292 ad
262 1231 380 1294 urbem
415 1229 551 1293 reverti.
605 1229 704 1308 Quos
735 1231 817 1294 dum
851 1230 1022 1313 fugientes
1048 1233 1140 1296 inse·

188 1336 354 1411 quuutur,
379 1327 524 1412 ingressi
553 1339 636 1394 suut
665 1331 783 1393 urbem
809 1330 878 1394 duo
909 1331 1035 1394 milites
1066 1330 1138 1395 An-

187 1430 330 1511 glieani,
358 1429 483 1493 fratres
517 1428 645 1493 domini
675 1429 772 1494 Petri
804 1429 846 1493 de
871 1430 1073 1508 Malo-lacu,
1103 1438 1139 1495 et

189 1530 314 1594 tertius
332 1522 480 1606 'Vasco
506 1548 584 1592 eum
604 1529 738 1593 duobus
762 1529 965 1594 vexilliferis
990 1529 1014 1594 J
1017 1530 1139 1594 oannis

189 1628 234 1693 de
252 1629 433 1693 Britannia
454 1637 489 1693 et
512 1626 615 1692 Alani
638 1629 672 1693 la
694 1629 841 1708 Souche,
863 1649 951 1712 qnos
974 1639 1140 1713 ceperunt

190 1726 321 1793 Gallici
353 1729 462 1812 portis
490 1728 629 1792 clausis.
681 1729 875 1794 Devastata
904 1750 985 1794 vero
1012 1749 1141 1811 magna

189 1835 290 1912 parte
334 1828 488 1892 suburbii
527 1828 696 1906 incendio,
736 1829 958 1893 Eadmuudus
997 1837 1140 1913 propter

190 1927 358 2011 quasdam
385 1947 509 1993 causas
534 1928 661 1991 arduas
683 1929 868 1993 revertitur
887 1929 921 1991 in
945 1930 1137 2008 Baionam;

190 2027 252 2092 ubi
281 2048 350 2092 uon
381 2027 491 2092 multo
522 2034 601 2110 post
631 2029 666 2092 iu
698 2028 934 2110 aegritudinem
966 2028 1139 2107 decidens,

190 2128 374 2192 terminum
405 2128 488 2193 vitae
515 2126 650 2191 clausit.
702 2128 847 2192 Obsedit
869 2136 949 2211 post
979 2128 1052 2192 haec
1080 2148 1139 2193 ex-

190 2227 320 2291 ereitus
347 2226 565 2309 Anglicanus
597 2227 715 2291 urbem
747 2227 957 2311 Aquensem,
989 2227 1049 2291 sed
1079 2248 1139 2310 pe·

191 2327 292 2391 numa
314 2327 516 2392 victualium
545 2334 687 2391 coaetus
720 2327 894 2393 discedere
927 2328 1139 2392 obsidionem

190 2426 317 2493 omisit.
370 2425 495 2492 Comes
512 2425 783 2506 attrebatensis,
801 2447 864 2510 per
888 2447 1003 2510 regern
1031 2427 1140 2491 Fran·

191 2546 311 2591 corum
341 2527 378 2591 iu
400 2526 610 2591 Vasconiam
639 2528 776 2605 missus,
799 2528 1008 2592 munitiones
1035 2546 1140 2609 quas·

191 2626 272 2690 dam
304 2626 347 2691 de
375 2646 480 2690 manu
505 2624 730 2707 Anglicorum
754 2627 912 2692 extorsit.
965 2627 1036 2706 Qui
1059 2647 1140 2691 vero

192 2726 350 2808 Burgum
381 2745 486 2809 super
525 2745 619 2789 mare
657 2730 831 2805 tenebant,
869 2727 1047 2792 obsidente
1080 2746 1140 2790 eos

192 2826 332 2891 domino
352 2827 395 2891 de
415 2826 580 2905 Sulliaco,
597 2826 755 2891 inducias
771 2828 1008 2909 impetrantes,
1030 2846 1140 2909 nsque
1208 2824 1211 2829 ’

194 2926 356 2990 Blavium
385 2945 450 3008 pro
478 2933 672 2990 commeatu
694 2928 834 2991 nuntios
863 2929 1139 2991 transmiserunt.

194 3024 266 3090 Ubi
287 3045 366 3089 oum
389 3044 512 3089 navem
536 3025 744 3090 victualibus
770 3035 929 3091 onustam
952 3027 1057 3091 ceteri
1082 3026 1141 3090 de·

192 3126 319 3189 ducere
339 3132 550 3202 recusarent,
570 3124 688 3190 Simon
706 3126 749 3189 de
770 3126 1025 3202 Monte-acuto,
1042 3126 1140 3189 miles

192 3234 357 3289 strenuus
387 3232 423 3289 et
448 3225 623 3301 cordatus,
649 3244 711 3306 per
734 3224 864 3288 medias
890 3225 1009 3306 galeas
1032 3223 1141 3287 Galli·

191 3343 323 3402 corum,
347 3343 425 3407 quae
451 3325 494 3389 ad
519 3324 767 3409 prohibendum
792 3325 973 3388 transitum
999 3322 1139 3386 navium

192 3424 337 3488 fiuvium
368 3426 612 3501 observabant,
638 3424 837 3507 adspirante
863 3422 947 3486 flatu
977 3441 1140 3504 prospero

192 3542 303 3607 nsque
321 3522 477 3607 Burgum
500 3523 663 3588 deduxit:
687 3543 756 3607 quo
778 3523 930 3605 cognito,
947 3521 1063 3588 soluta
1079 3523 1140 3586 ob·

192 3624 338 3700 aldione,
359 3624 518 3688 domiuus
541 3623 584 3688 de
601 3617 772 3688 ’Sulliaco
792 3623 977 3688 revertitur
998 3622 1034 3685 in
1056 3621 1142 3687 Gal-

192 3724 271 3801 lias,
288 3724 420 3788 intento
440 3725 640 3788 frustratus.

244 3824 473 3905 [Florentius
490 3843 606 3889 eomes
623 3822 822 3900 Holaudiee,
838 3824 897 3906 qui
918 3823 1024 3888 filium
1042 3842 1140 3887 suum
1155 3842 1261 3888 noranta,

1154 3896 1219 3931 eount
1227 3892 1251 3930 ol

191 3924 268 4005 regi
291 3922 430 4006 Angliae
452 3924 669 3988 nutriendum
697 3922 852 3998 tradidit,
872 3925 928 3986 cui
950 3925 1054 3987 etiam
1080 3943 1142 3986 rex
1154 3940 1286 4039 33⁸3ssss

191 4023 298 4087 liliam
327 4042 426 4088 suam
454 4023 633 4089 Elisabeth
661 4023 832 4087 connubio
857 4022 1005 4106 jungere
1027 4021 1236 4125 dispo-peona

229 4200 235 4229 '
255 4194 442 4259 ‘Pramonitif
455 4200 523 4249 D'A.
717 4196 728 4228 ³
744 4196 892 4256 ‘Solliaco;'
913 4197 973 4245 coe.
994 4197 1056 4257 Reg.
1091 4196 1146 4246 The

228 4270 238 4298 ⁸
252 4270 316 4321 'l'lris
324 4270 396 4320 word
404 4271 428 4320 ir
438 4270 543 4320 omitted
550 4271 576 4319 in
589 4264 656 4319 D'A.
683 4267 755 4333 other
766 4266 840 4316 blSS.
853 4266 917 4316 bave
928 4260 1072 4315 ‘Sulliaoo'
