2940 4950
578 452 758 501 aurnuns.
1076 434 1141 498 391

186 609 352 672 atrociter
377 608 611 687 absciderunt,
640 628 768 692 parvos
789 607 969 672 clericulos
995 608 1139 691 primam
1154 622 1261 715 ffls‘ffll

187 714 367 771 tonsuram
399 707 577 786 babentes,
607 720 642 773 et
671 708 930 790 grammaticam
961 686 1258 775 reddimen-{iiim-

187 814 253 882 tes,
277 806 321 869 ad
343 827 522 872 numerum
549 809 686 872 circiter
707 808 931 872 ducentorum
955 808 990 870 in
1013 807 1140 873 scholis

186 906 389 984 existentes,
407 908 595 972 obstructis
620 908 719 972 ostiis
740 906 935 971 scholarum
959 907 1040 988 igne
1056 928 1139 992 snp-

186 1005 302 1087 posito
317 1016 568 1072 cremaverunt.

239 1103 338 1168 ‘Nos
354 1126 491 1189 quoque
510 1100 705 1171 ¹cernentas
717 1113 769 1169 tot
786 1105 923 1179 damna,
942 1105 1139 1186 opprobria,

187 1202 354 1281 facinora,
381 1214 416 1269 et
439 1205 594 1289 injurias,
609 1206 645 1268 in
662 1205 965 1269 exheredationem
984 1213 1137 1267 nostram

188 1309 225 1365 et
258 1302 526 1369 destructionem
567 1304 686 1387 populi
718 1305 827 1368 nostri
863 1301 1140 1385 proditionaliter

187 1401 348 1484 irrogari,
380 1424 443 1468 nec
475 1404 630 1467 valentes
673 1403 806 1485 ratione
832 1400 1035 1485 juramenti,
1069 1420 1138 1482 quo

189 1501 234 1564 ad
255 1495 567 1567 ²conservationem
589 1502 721 1586 jurium
746 1521 884 1566 coronae
908 1501 1005 1582 regni
1027 1501 1138 1565 nostri

188 1619 308 1665 sumus
329 1601 498 1677 adstricti,
518 1602 697 1684 praemissa
720 1600 874 1666 facinora
892 1600 1037 1664 ulterius
1055 1619 1136 1663 con·

188 1700 311 1775 celare,
329 1720 392 1765 nac
404 1702 486 1784 jura
509 1709 629 1765 nostra
644 1702 837 1783 relinquere
853 1699 1042 1775 indefensa,
1059 1718 1137 1762 cum

188 1818 251 1881 per
278 1800 374 1880 leges
398 1801 510 1883 ipsum
537 1800 560 1864 J
564 1819 724 1876 oannem,
750 1809 833 1865 tunc
859 1819 974 1882 regem
998 1798 1137 1876 Scotiae,

187 1906 394 1981 gentemque
415 1918 514 1963 suam
528 1899 628 1963 nobis
649 1899 834 1977 subditam,
847 1899 1039 1983 justificare
1052 1891 1137 1962 ³non

189 2017 381 2080 possemus,
409 2018 472 2062 nec
508 2000 622 2081 ipsum
649 2018 792 2079 regnum
823 1999 962 2075 Scotiae,
993 1997 1086 2080 quod
1116 2017 1138 2061 a

187 2097 398 2178 longissimis
425 2099 649 2180 temporibus,
680 2097 772 2162 sicut
793 2099 952 2180 superius
977 2097 1138 2179 exprimi·

188 2204 257 2274 tur,
284 2198 383 2261 nobis
408 2206 444 2261 et
466 2197 744 2280 progenitoribus
769 2197 895 2261 nostris
921 2196 1054 2259 feodale
1078 2215 1137 2259 ex·

189 2296 281 2361 stitit
306 2297 341 2360 in
364 2298 478 2361 causis
505 2297 702 2379 praedictis3
730 2303 851 2360 contra
875 2295 1004 2358 dictum
1028 2294 1137 2358 Joan·

188 2415 267 2460 nem
288 2402 323 2460 et
340 2404 477 2478 gentem
502 2396 682 2461 Scotorum
710 2396 800 2460 viras
822 2394 986 2477 potentiae
1009 2401 1136 2457 nostrae

188 2495 420 2572 extendimus,
446 2504 549 2580 prout
572 2497 615 2560 de
634 2495 714 2580 jure
738 2495 837 2559 nobis
860 2494 969 2571 licuit,
995 2501 1031 2557 et
1059 2512 1137 2574 pro·

188 2595 355 2658 cessimus
382 2605 504 2661 contra
534 2597 628 2677 ipsos
660 2603 827 2677 tanquam
853 2593 971 2657 hostes
999 2598 1136 2655 nostros

189 2702 225 2757 et
250 2693 455 2776 proditores.
517 2695 682 2777 Snbjecto
714 2695 832 2776 itaque
860 2711 968 2774 regno
995 2690 1136 2766 Scotiae,

188 2800 223 2857 et
238 2793 319 2877 jure
342 2795 565 2876 proprietatis
584 2802 712 2858 nostrae
731 2793 853 2857 ditioni
872 2793 1028 2868 subacto,
1047 2809 1135 2872 prae·

188 2892 282 2957 fatus
307 2892 463 2957 Joannes
487 2894 658 2976 quondam
685 2912 748 2958 rex
772 2890 899 2958 Scotiae
920 2892 1034 2974 ipsum
1057 2910 1133 2971 reg·

189 3011 270 3055 nnm
298 2992 425 3057 Scotiae
454 3001 624 3076 quatenus
655 2993 698 3057 de
730 2993 823 3056 facto
852 2992 976 3067 tenuit,
999 2995 1135 3072 sponte,

189 3110 285 3173 pure,
312 3100 348 3155 et
373 3092 532 3155 absolute
563 3091 710 3155 reddidit
737 3092 774 3153 in
802 3108 941 3153 manum
969 3096 1135 3164 nostram,

188 3189 401 3273 proditiones
424 3197 460 3254 et
484 3189 615 3253 scelera
632 3194 821 3253 memorata
836 3206 952 3251 coram
978 3188 1076 3251 nobis
1101 3194 1137 3250 et

189 3291 388 3372 proceribus
416 3289 544 3353 nostris
572 3289 707 3371 publice
730 3305 993 3368 recognoscens.
1056 3283 1136 3363 Quo

189 3397 339 3471 peracto,
368 3389 505 3471 praefati
533 3389 674 3452 comites
700 3395 736 3451 et
759 3388 918 3462 barones,
947 3384 1078 3448 nobiles
1101 3391 1137 3447 et

189 3490 453 3553 communitates
493 3487 591 3569 regni
627 3487 765 3563 Scotiae,
803 3503 891 3567 quos
932 3483 977 3546 ad
1016 3499 1134 3565 pacem

188 3597 343 3651 nostram
377 3589 506 3668 regiam
537 3586 762 3669 suscepimus,
797 3585 1048 3665 subsequenter
1074 3582 1136 3646 ho·

189 3687 306 3768 magia
347 3695 382 3751 et
420 3687 603 3751 fidelitates
654 3685 766 3763 nobis,
811 3691 979 3766 tanquam
1017 3683 1136 3747 imme·

189 3784 285 3850 diato
308 3786 447 3850 domino
469 3794 505 3850 et
534 3785 673 3868 proprio
696 3784 849 3868 ejusdem
878 3783 977 3866 regni
999 3783 1138 3860 Scotiae,

188 3884 343 3950 fecerunt
365 3893 400 3949 et
419 3886 678 3968 praestiterunt:
703 3905 744 3949 ac
762 3886 867 3950 etiam
882 3883 1025 3948 redditis
1040 3881 1138 3946 nobis

224 4141 557 4205 '‘tremente03’14r.220.
667 4142 670 4191 l
714 4141 818 4194 ’‘non'
842 4146 864 4193 is
886 4144 989 4193 omitted
1015 4145 1041 4192 in
1064 4142 1139 4193 Matt.

223 4212 235 4242 ¹
249 4215 477 4265 ‘confirmationem
488 4216 508 4275 ;'
519 4211 587 4266 o’A.
666 4194 669 4271 l
679 4217 758 4265 West.
