2940 4950
580 477 764 526 anninus.
1081 461 1147 527 327

187 652 310 698 eorum
339 641 374 698 ct
403 634 508 698 laudo
536 635 600 698 sub
631 642 727 698 certa
756 634 970 715 obligatione
997 653 1035 698 se
1065 637 1282 699 sub-conatum

187 733 320 811 mittat,
346 733 425 797 dum
455 742 571 798 tamen
599 753 659 797 rex
691 734 905 799 Francorum
928 754 966 797 se
998 735 1143 800 submit.
1157 703 1294 799 imm

188 839 243 897 tat
265 840 301 897 et
325 832 457 916 obliget
477 834 554 915 pari
579 834 693 897 modo.
758 834 795 897 Si
819 852 902 898 vero
928 834 1059 916 aliquid
1085 855 1144 900 oc·

186 940 308 997 currat
329 940 400 997 tam
428 933 586 1010 arduum,
611 933 702 1015 quod
730 953 793 1016 por
816 934 965 998 arbitros
992 944 1144 1017 nequeat

188 1024 332 1110 ¹decidi,
356 1030 591 1096 diffiniendum
617 1033 756 1114 regibus
779 1041 997 1113 reservetur;
1021 1041 1057 1099 et
1079 1055 1141 1100 rex

189 1129 330 1214 Angliae
348 1131 468 1197 habito
489 1132 663 1197 conductu
684 1132 728 1196 ad
746 1152 862 1215 regem
889 1133 1060 1210 Francius,
1084 1154 1142 1199 ao-

187 1231 367 1297 cedentem
391 1231 435 1296 ad
461 1231 612 1315 aliquam
629 1232 748 1297 villam
773 1232 994 1308 maritimam,
1013 1232 1140 1312 veniet,

188 1339 230 1395 ut
263 1331 307 1396 de
332 1350 476 1396 assensu
507 1340 629 1396 mutuo
658 1332 737 1396 finis
759 1333 900 1414 negotio
928 1332 1139 1414 imponatur.

189 1429 293 1509 Quod
318 1432 348 1495 si
372 1451 436 1497 nec
458 1431 552 1497 istud
572 1451 634 1495 rex
661 1432 873 1496 Francorum
893 1433 1139 1514 acceptaverit,

187 1531 226 1595 in
253 1550 423 1595 summum
456 1531 667 1613 pontificem,
697 1532 798 1615 cujus
831 1539 885 1595 est
914 1522 1138 1613 inter'reges

187 1637 225 1696 et
246 1649 355 1713 regna
376 1651 495 1713 pacem
520 1632 648 1707 fovere,
676 1632 903 1696 transferatur
922 1631 965 1694 de
993 1650 1139 1696 assensu

188 1737 311 1796 mutuo
342 1730 543 1812 negotium
575 1731 630 1795 vel
667 1730 768 1817 (quia
796 1739 879 1799 tuuc
911 1732 1011 1796 sedes
1034 1750 1139 1796 vaca·

186 1826 267 1915 bat)
296 1830 340 1893 ad
372 1831 565 1895 cardinales
586 1850 705 1895 omnes
727 1830 783 1895 vol
809 1831 958 1913 aliquos,
985 1838 1037 1909 ut,
1064 1831 1138 1895 litis

184 1937 223 1994 et
254 1929 435 1995 discordiae
469 1932 629 1995 submota
660 1932 818 2009 materia,
850 1951 922 2014 pax
955 1932 1045 1996 inter
1076 1951 1137 1996 eos

184 2047 375 2112 eorumque
397 2030 545 2113 populos
564 2030 726 2095 refloreat
748 2042 788 2095 ut
810 2031 954 2095 solebat.

237 2127 377 2211 Sprevit
405 2130 621 2194 haecomnia
659 2130 841 2194 concilium
873 2129 1043 2207 Francius,
1072 2149 1272 2203 necaretur,

185 2228 319 2293 nuntiis
344 2229 514 2294 instanter
535 2229 774 2310 flagitantibus
796 2229 976 2311 dignatum
998 2236 1051 2292 est
1072 2230 1135 2292 ali·
1148 2204 1235 2244 pm·

185 2327 271 2411 quid
302 2329 518 2412 respondere.
580 2328 679 2393 Misit
706 2329 853 2412 denique
883 2349 945 2392 rex
982 2328 1135 2393 Franco·

186 2446 264 2491 ram
296 2428 340 2491 ad
374 2429 549 2493 civitatem
587 2428 749 2509 Agonnii,
781 2448 859 2511 quae
894 2428 938 2491 ad
971 2427 1136 2492 ducatum

185 2526 387 2608 Aquitaniae
400 2537 558 2611 spectare
571 2527 787 2610 dignoscitur
801 2548 809 2606 3
841 2528 957 2611 ibique
979 2528 1135 2592 nomina·
1149 2548 1268 2589 arama

185 2625 250 2690 tim
267 2628 367 2691 citari
387 2627 470 2693 iecit
484 2647 600 2709 regem
618 2627 768 2710 Angliae‚
785 2636 824 2691 ut
848 2627 904 2690 die
925 2634 1021 2691 certa
1036 2625 1136 2691 Pari·
1148 2599 1301 2699 ῗῖἔῗιῖοιῗῧη

187 2725 250 2789 siis
277 2735 503 2810 compareret,
532 2727 576 2792 de
609 2727 744 2811 injuriis
770 2735 805 2792 et
832 2726 1077 2792 rebellionibus
1099 2727 1135 2790 in

187 2834 283 2889 terra
294 2826 593 2893 factisVasconiae
609 2847 856 2910 responsurus:
873 2828 1028 2909 quemad
1044 2827 1134 2891 diem
1147 2838 1291 2929 stawles,

186 2925 371 3008 praefixum
397 2947 468 2991 non
493 2933 763 3010 comparentem,
779 2948 842 2992 rex
863 2927 1076 2992 Francorum
1100 2927 1136 2990 in
1148 2901 1281 3031 sufficis

187 3026 330 3109 propria
361 3046 510 3111 persona
541 3047 604 3109 pro
637 3027 801 3092 tribunali
835 3027 971 3105 sedens,
1000 3033 1136 3091 senten·
1149 2992 1175 3041 ω
1235 3000 1263 3039 '¹⁹'

187 3124 274 3189 tiam
299 3125 445 3208 protulit
467 3126 631 3212 judicans
656 3127 694 3191 in
723 3126 884 3205 desectu3
918 3126 1137 3191 constabula-

188 3224 309 3308 rioque
332 3225 490 3291 Francius
514 3247 597 3291 mox
626 3227 801 3309 praecepit,
826 3233 867 3289 ut
892 3225 928 3288 in
953 3244 1059 3289 manu
1081 3244 1137 3288 ar-

187 3330 285 3389 mata
329 3326 563 3407 proficiscens,
600 3326 764 3390 ducatum
806 3325 1007 3407 Aquitaniae
1044 3324 1137 3405 regis

189 3422 404 3489 Francorum
443 3426 582 3489 nomine
612 3431 810 3507 occuparet,
841 3430 1049 3507 caperetque
1081 3422 1138 3486 vel

187 3523 379 3606 expelleret
409 3543 644 3607 quoscumque
676 3544 738 3607 per
770 3543 887 3606 regem
917 3522 1059 3605 Angliae
1094 3522 1137 3585 il-

187 3622 255 3689 lim
286 3623 453 3689 custodiae
475 3624 672 3707 deputatos.
724 3623 901 3706 Siquidem
927 3624 1032 3705 paulo
1056 3630 1138 3687 aute
1151 3638 1298 3690 rapmnon·

187 3722 330 3787 miserat
361 3723 445 3788 illuc
471 3744 533 3788 rex
566 3723 704 3806 Angliae
735 3722 907 3787 loannem
937 3724 980 3787 de
1009 3722 1138 3788 Sancto
1151 3691 1272 3830 i‘i'n‘ffiquor

187 3818 341 3900 Joanne,
368 3824 512 3887 militem
536 3823 736 3899 discretum,
758 3824 793 3887 in
820 3824 925 3887 armis
948 3832 1139 3899 strenuum,
1152 3795 1200 3841 ”⁰
1255 3800 1274 3827 ⁰'

187 3929 224 3987 et
253 3922 288 3985 in
320 3925 424 3987 rebus
446 3924 579 3987 bellicis
605 3924 858 4002 exercitatunr;
891 3924 951 4005 qui
979 3922 1141 3986 civitates

187 4028 224 4086 et
254 4029 371 4087 castra
402 4043 463 4105 per
495 4030 606 4087 totum
638 4022 801 4087 ducatum
833 4024 962 4104 optime
992 4020 1140 4084 munivit

203 4174 506 4183 .-------—-—--—-—·
516 4173 669 4181 --—---—
688 4173 715 4177 —
735 4171 751 4178 --
792 4172 845 4177 .....-
859 4172 864 4176 -
874 4166 1133 4177 .-—......—-—-—

477 4268 486 4301 ¹
505 4272 581 4321 llall:
594 4266 749 4329 ‘desciudi3’
763 4268 844 4318 MSS.
