2948 4942
407 447 474 512 348
773 461 847 510 ruo.
865 460 1012 508 rnrvsrr

411 640 487 684 cum
521 619 741 701 magnatibus
780 627 881 683 terrae
914 637 987 682 suae
1020 617 1164 696 veniret,
1195 637 1273 682 cum
1307 618 1364 682 his

412 739 499 802 quos
523 738 584 782 rex
605 719 687 785 illuc
713 719 866 784 mitteret
892 716 1031 782 nuntios
1050 717 1142 782 infra
1166 717 1240 782 dies
1263 719 1367 801 quin·

412 819 521 883 decim
558 826 779 882 tractaturus.
846 818 1013 900 Misitque
1044 817 1125 882 illuc
1154 837 1217 882 rex
1250 816 1366 883 Anto·

414 920 510 982 nium
544 917 810 995 Dunelmensem
840 919 1038 1001 episcopum
1068 936 1146 980 curn
1175 918 1278 1001 plena
1307 937 1368 1001 po-

415 1025 542 1083 testate
565 1019 672 1100 regia,
696 1018 861 1100 adquam
878 1025 1047 1081 venerunt
1069 1016 1160 1081 infra
1181 1019 1367 1101 praescrip·

416 1126 489 1182 tum
507 1125 643 1200 tempus
662 1138 725 1182 rex
741 1117 923 1182 Scotorum
938 1124 1187 1199 magnatesque
1207 1118 1282 1196 soi3
1307 1117 1369 1199 qui

417 1225 497 1302 post
523 1217 651 1281 maltos
678 1217 862 1299 variosque
893 1224 1063 1281 tractatus
1093 1217 1185 1280 nude
1214 1223 1251 1281 et
1281 1237 1369 1300 pure

416 1318 638 1401 subjecerunt
665 1336 703 1381 se
726 1324 762 1381 et
787 1335 932 1399 regnum
961 1316 1088 1382 Scotiae
1116 1317 1221 1398 regiae
1245 1317 1369 1381 volun·

417 1418 503 1498 tati;
536 1437 599 1500 pro
626 1436 696 1500 qua
717 1417 945 1481 submissione
967 1415 1192 1494 observanda,
1208 1415 1368 1481 Joannes

417 1538 480 1581 rex
506 1516 632 1581 Scotiae
661 1517 768 1580 filium
794 1536 895 1581 suum
923 1516 1076 1580 obsidem
1100 1515 1255 1593 tradidit,
1277 1516 1370 1581 litte·

417 1636 542 1699 resque
562 1615 720 1693 confecit,
744 1617 959 1681 continentes
983 1616 1018 1680 in
1037 1613 1175 1680 Gallico
1200 1616 1294 1680 huno
1318 1627 1369 1681 to·

418 1736 536 1780 norem
549 1709 580 1779 :¹

256 1839 341 1881 aaron
467 1815 653 1879 ‘Joannes
695 1815 765 1878 Dru
800 1815 914 1897 gratia
949 1835 1008 1880 rex
1043 1814 1170 1880 Scotiae
1206 1815 1368 1880 omnihus

255 1890 388 1981 illidit?
418 1922 608 1998 praesentes
631 1915 765 1979 litteras
788 1916 914 1979 visuris
937 1915 992 1979 vel
1015 1915 1186 1979 audituris
1208 1915 1369 1980 salutem.

256 1991 354 2032 'M'
420 2014 514 2093 Quia
552 2034 615 2078 nos
654 2034 716 2096 per
754 2014 883 2078 malum
923 2015 1104 2079 consilium
1140 2008 1371 2098 'salsumque

420 2115 744 2198 simplicitatemque
781 2122 949 2191 nostram,
979 2115 1133 2195 graviter
1165 2114 1372 2179 offendimus

420 2222 455 2279 et
485 2215 749 2298 provocavimus
775 2213 948 2279 dominum
966 2222 1123 2278 nostrum
1147 2214 1373 2292 Edwardum,

420 2316 536 2397 gratia
560 2316 632 2379 Dar
655 2333 772 2395 regem
795 2313 947 2395 Angliee‚
975 2313 1150 2378 dominum
1178 2314 1373 2392 Hiberniae,

421 2416 542 2479 ducem
573 2414 786 2497 Aquitaniae,
817 2414 853 2477 in
884 2414 1021 2494 multis3
1051 2414 1223 2491 videlicet,
1251 2415 1289 2479 in
1331 2435 1373 2482 eo

422 2515 513 2597 quod
539 2515 729 2578 existentes
750 2521 785 2579 et
808 2521 987 2578 manentes
1010 2514 1046 2577 in
1072 2515 1138 2579 fide
1162 2524 1284 2581 suaet
1310 2516 1373 2581 ho·

422 2616 537 2696 magio
564 2634 639 2691 suo,
665 2614 885 2695 alligavimus
915 2633 978 2677 nos
1010 2615 1084 2697 regi
1116 2615 1287 2691 Francia,
1313 2617 1374 2698 qui
1423 2603 1431 2617 ’

423 2722 506 2777 tunc
536 2713 644 2777 hostis
673 2713 748 2796 ejus
779 2721 865 2790 erat,
890 2721 925 2777 et
946 2707 1077 2778 ³adhue
1102 2723 1167 2789 est,
1194 2714 1374 2778 matrimo-

325 2821 332 2834 ·
423 2815 515 2875 nium
540 2813 613 2875 lieri
643 2821 868 2895 procurantes
895 2833 972 2877 cum
1001 2814 1071 2877 filia
1100 2812 1229 2876 domini
1255 2810 1374 2878 Caroli

423 2913 539 2976 fratris
570 2912 658 2995 ejus,
691 2921 727 2976 et
752 2924 791 2977 ut
820 2913 994 2976 dominum
1025 2919 1179 2976 nostrum
1208 2933 1376 2994 gravaro·

424 3032 512 3089 mus,
539 3032 723 3094 regemque
760 3012 916 3076 Franciae
943 3013 1146 3096 juvaremus
1174 3031 1250 3075 cum
1279 3015 1376 3078 omni

424 3119 598 3194 potestate
628 3119 747 3175 nostra
782 3131 844 3194 per
874 3131 1031 3193 guerram
1070 3112 1250 3195 modisque
1279 3114 1376 3193 aliis;

424 3211 547 3275 deinde
574 3230 636 3293 per
659 3219 815 3274 nostrum
838 3230 1036 3294 perversum
1063 3212 1245 3276 consilium
1274 3221 1376 3279 antc-

424 3312 554 3375 dictum
590 3309 819 3375 diffidavimus
857 3310 1031 3375 dominum
1064 3319 1220 3376 nostrum
1259 3332 1378 3394 regem

425 3410 577 3493 Angliae‚
601 3419 636 3475 et
659 3411 836 3493 posuimus
864 3430 927 3474 nos
946 3418 1047 3476 extra
1073 3411 1173 3475 fidem
1198 3419 1234 3476 et
1260 3413 1380 3478 homa·

425 3512 521 3592 gium
553 3530 653 3574 suum
691 3509 864 3574 reddendo
897 3510 929 3574 ei
962 3509 1159 3591 homagium
1194 3531 1309 3590 suum,
1344 3523 1380 3578 ct

425 3611 581 3672 misimus
604 3617 724 3690 gentes
746 3618 883 3674 nostras
908 3611 943 3672 in
970 3618 1097 3674 terram
1121 3630 1219 3674 suam
1236 3611 1381 3695 Angliae

426 3709 468 3771 ad
501 3709 659 3772 incendia
700 3708 870 3786 facienda,
902 3717 937 3773 et
967 3710 1103 3791 praedas
1142 3710 1379 3791 obducendas,

426 3903 514 3971 chyn3'
532 3906 579 3956 Ar.
591 3911 649 3957 22⁰.
687 3908 749 3957 Hall
764 3910 787 3957 is
800 3908 890 3957 doubt·
917 3908 1056 3971 Knighton,
1064 3908 1099 3958 Χ.
1107 3909 1201 3972 Script.
1210 3914 1290 3972 aren
1303 3913 1383 3965 Hem.

426 3980 464 4029 tul
475 3977 589 4027 whether
599 3993 627 4026 or
639 3983 682 4026 not
693 3979 752 4028 here
763 3978 813 4027 and
825 3979 889 4027 eleo·
916 3982 962 4037 993
976 3979 1027 4027 aud
1038 3978 1101 4027 with
1112 3994 1129 4028 a
1144 3979 1219 4029 Latin
1232 3985 1383 4034 translation

426 4049 511 4098 where
531 4049 591 4098 Cod.
612 4049 677 4111 Reg.
694 4048 741 4097 has
757 4053 800 4097 not
814 4049 890 4096 ιΒτὶ-
917 4049 942 4096 in
955 4048 1030 4109 llym.
1042 4050 1070 4098 ii.
1083 4053 1141 4099 ⁷18.

426 4119 483 4167 chin
497 4115 512 4180 ;’
535 4119 581 4166 hut
597 4118 628 4167 ho
648 4120 742 4168 retains
759 4118 892 4167 ‘Brithin'
952 4114 1144 4181 '‘falsumque‘
1169 4120 1192 4169 is
1214 4123 1332 4187 wanting
1357 4126 1384 4174 in

426 4190 451 4237 in
464 4189 504 4237 his
515 4192 576 4236 text.
918 4183 986 4251 [ΧΑ.

462 4256 469 4287 ¹
487 4257 541 4306 The
553 4259 660 4320 original
677 4259 699 4306 is
717 4258 854 4319 preserved
866 4258 892 4306 in
953 4256 964 4286 ³
979 4261 986 4286 ‘
997 4258 1087 4309 adhoc
1098 4260 1174 4310 edam
1184 4255 1200 4321 ;'
1212 4256 1283 4310 D'A.
