2948 4942
183 2037 229 2077 'l'he
237 2037 281 2078 eorl
290 2039 315 2078 ot

183 2089 271 2128 chester

182 2139 263 2178 deum

181 2189 281 2239 stophen.

179 3534 289 3582 Teumtln,

178 3585 303 3634 archhithop

344 454 389 518 20
703 469 777 516 uic.
794 468 941 516 rnrvnrr

346 647 464 706 sanus,
480 629 552 710 qni,
570 646 647 692 cum
670 636 761 692 esset
784 629 915 711 primus
939 628 1046 691 abhas
1075 619 1293 691 monasterii¹

345 729 457 794 sancti
474 728 653 792 Anastasii
675 728 849 810 martyris,
871 727 964 810 quod
988 726 1211 791 Innocentius
1238 744 1295 788 se·

345 828 478 891 cundus
495 827 654 892 fundavit
670 828 762 910 apud
778 826 900 909 Aquas
917 827 1065 904 Salvias,
1086 826 1122 889 in
1147 824 1293 889 ecclesia

345 928 458 992 sancti
481 927 625 991 Caesarii
655 938 707 991 est
736 927 877 991 electus.
924 926 991 990 Sed
1024 933 1164 1009 propter
1189 943 1292 988 sena·

346 1034 450 1104 tores,
468 1028 527 1109 qni
545 1035 665 1092 contra
684 1027 896 1091 voluntatem
916 1024 1178 1108 praedecessoris
1199 1024 1293 1088 suia

344 1126 472 1210 populo
500 1127 599 1191 electi
626 1128 773 1202 fuerant,
798 1127 842 1189 ab
869 1126 952 1190 urbe
977 1125 1156 1189 discedens
1181 1125 1216 1187 in
1243 1123 1295 1186 ci·

346 1227 453 1291 vitato
485 1227 635 1310 quadarn
669 1219 807 1302 vicina,²
838 1225 1038 1289 convocatis
1068 1225 1151 1287 illuc
1180 1223 1294 1287 cardi·

344 1327 481 1390 nalibns
512 1334 547 1390 et
581 1326 747 1410 praelatis,
777 1344 902 1388 munus
935 1324 1201 1389 consecrationis
1232 1342 1293 1386 ac-

344 1427 447 1509 cepit,
471 1426 709 1508 invitatusque
730 1445 752 1489 a
775 1445 857 1507 rege
883 1424 1094 1488 Francorum
1115 1422 1293 1486 Lodovico

345 1545 412 1589 non
428 1527 537 1589 multo
552 1534 632 1608 post
651 1524 824 1607 proiectus
839 1531 893 1588 est
910 1524 945 1586 in
963 1524 1156 1588 Franciam.

373 1748 399 1783 D.
414 1748 438 1784 Ν.
450 1748 469 1784 J.
481 1749 504 1783 0.
591 1748 788 1784 alienationum
802 1748 827 1784 n.
922 1747 1075 1785 reluceant!
1127 1746 1266 1782 ANGLOBUM

607 1895 631 1941 l.
788 1896 813 1941 9.
985 1897 1010 1942 9.
1206 1926 1213 1940 .

388 2022 474 2086 Rex
486 2022 703 2087 srnrninus
715 2023 950 2108 Ranulphum,
961 2023 1119 2087 comitem
1132 2021 1291 2104 Cestriae,

345 2143 454 2205 nuper
478 2123 544 2186 sihi
567 2123 839 2188 confoederatum
867 2134 901 2189 et
931 2124 1092 2187 devotum
1119 2121 1293 2204 effectum,

344 2225 403 2309 qui
427 2224 531 2287 etiam
556 2223 705 2307 profusis
729 2224 842 2307 ipsum
866 2224 957 2308 apud
979 2216 1288 2304 ³Walingfordiam

343 2317 522 2406 expensis⁴
533 2323 686 2407 juverat,
703 2326 895 2389 venientem
916 2323 1128 2415 confidenter
1144 2330 1179 2386 et
1193 2325 1289 2404 paci-

343 2424 407 2489 fice
433 2424 475 2487 ad
500 2424 630 2487 curiam
658 2443 756 2486 suam
781 2424 1107 2506 Northamptonam‚
1131 2440 1289 2504 compre-

343 2522 445 2587 hendi
464 2522 572 2605 jussit
588 2522 771 2597 hostiliter,
787 2522 867 2584 fidei
887 2523 1035 2604 propriae
1058 2524 1234 2585 immemor
1252 2531 1289 2590 et

343 2621 493 2684 honoris.
546 2619 669 2683 Comes
689 2621 847 2701 captivus
867 2630 1018 2684 castrum
1036 2621 1289 2700 Lincolniense,

344 2728 377 2783 et
403 2720 473 2782 alia
494 2738 571 2800 quae
592 2736 780 2801 usurpasse
795 2719 986 2798 videbatur,
1002 2721 1066 2783 sub
1083 2722 1227 2785 obtentu
1247 2722 1289 2785 li-

343 2819 530 2883 berationis
556 2838 629 2881 suae
656 2819 845 2900 resignavit
869 2821 974 2902 regiae
990 2821 1171 2884 voluntati.
1219 2821 1289 2886 Re-

343 2918 484 2981 laxatus
519 2926 633 2982 autem
674 2918 903 3000 postmodum,
937 2940 959 2984 a
992 2940 1073 3001 rege
1113 2921 1290 3001 recedens,

344 3017 452 3082 eidem
478 3017 591 3081 factus
620 3025 672 3081 est
697 3028 882 3102 perpetuus
907 3019 1076 3083 inimicus.
1129 3019 1289 3106 Cumque

338 3117 413 3200 jam
440 3118 544 3198 regiae
570 3120 734 3201 potentiae
757 3120 867 3182 omnis
885 3119 984 3200 vigor
998 3118 1198 3201 deperisset,
1214 3140 1288 3186 coe·

341 3226 467 3299 pernnt
495 3226 652 3301 potentes
682 3220 790 3299 regni,
820 3227 923 3301 prout
961 3220 1105 3301 quisque
1138 3228 1286 3301 poterat,

341 3317 548 3382 munitiones
566 3326 777 3394 construere,
795 3327 834 3382 nt
859 3339 941 3383 suos
968 3326 1166 3383 tutarentur
1188 3319 1288 3401 fineS,

339 3416 402 3482 vel
415 3425 452 3482 ut
468 3419 695 3501 pervaderent
708 3419 850 3482 alienos.

392 3516 599 3581 Claruerunt
615 3518 668 3580 his
685 3519 897 3601 temporibus
914 3518 949 3581 in
961 3517 1091 3599 Anglia
1109 3519 1173 3582 viri
1190 3539 1290 3585 sanc-

178 3611 458 3729 3prpfip3prtitate⁵
487 3618 639 3679 illustres
671 3616 879 3680 Thurstinus
913 3618 1140 3681 Eboracensis
1176 3621 1289 3685 archi-

178 3734 328 3824 pffimpenss-
342 3733 523 3797 episcopus
546 3724 581 3778 et
609 3710 816 3793 Gilbertus,⁶
841 3716 981 3792 ordinis,
1009 3718 1067 3800 qui
1095 3718 1221 3782 dicitur
1243 3720 1287 3785 de

378 3896 385 3927 ¹
398 3899 453 3947 ‘Le
471 3899 530 3959 quel
553 3903 662 3949 monster
683 3900 707 3949 le
732 3901 803 3961 Pope
861 3899 1118 3963 ’‘Wallingsordiem
1130 3900 1144 3965 3’
1156 3901 1223 3954 D'A.

341 3968 465 4018 innocent
487 3970 556 4017 avoit
577 3969 653 4018 fonde
676 3970 735 4018 hore
757 3972 803 4019 des
864 3969 1002 4021 “auxiliis
1011 3970 1024 4033 3’
1037 3975 1076 4023 M.

342 4054 426 4087 mures
438 4039 470 4087 de
482 4038 508 4086 la
519 4038 569 4087 cite
587 4040 619 4087 de
632 4039 710 4088 Rome
721 4036 735 4100 ;'
760 4041 802 4090 Fr.
862 4039 1125 4104 ⁵‘etecientia3’Ar.

340 4110 383 4159 li.
861 4108 983 4161 ⁶Gilbert
1000 4112 1029 4161 os
1045 4115 1245 4176 Sempringham,
1259 4116 1286 4165 in

375 4177 402 4207 ¹‘
414 4180 446 4229 ad
460 4179 580 4229 Feieenne
597 4180 776 4228 monasterium
788 4176 801 4241 ;'
827 4180 1008 4244 Lincolnshire,
1015 4183 1121 4231 founder
1128 4184 1157 4232 oi
1164 4186 1206 4233 the
1214 4186 1289 4235 order

339 4248 386 4298 Ar.
825 4250 854 4298 ol
878 4251 1028 4315 Gilhertine,
1049 4253 1133 4303 which
1158 4269 1213 4306 was
1241 4270 1289 4318 ap·
