2940 4950
325 451 392 517 268
693 467 769 516 me.
786 467 936 516 rnrverr

328 625 514 689 enormiter
542 625 731 706 gravastis,
760 634 796 690 et
825 626 921 707 ipsos
953 643 1017 707 pro
1045 642 1149 708 posse
1172 635 1291 690 vestro

329 743 477 806 gravare
503 724 709 807 proponitis,
735 724 826 789 sicut
851 743 914 806 per
935 723 1071 788 litteras
1095 726 1198 789 nobis
1219 726 1291 807 sig·

331 823 510 900 nificestis,
534 843 597 887 nos
620 824 776 906 ipsorum
802 843 992 904 gravamen
1017 831 1174 889 nostrum
1198 818 1290 907 ¹pro-

330 924 456 1005 prium,
488 932 523 986 et
550 942 670 988 eorum
696 924 855 987 inimicos
882 943 983 1007 aeque
1014 933 1153 989 nostros
1187 944 1289 1006 repu-

332 1030 460 1098 tantes,
491 1041 568 1085 oum
604 1032 738 1086 tautum
773 1023 947 1105 praecipue
979 1023 1137 1106 praedicti
1171 1022 1289 1089 fideles

333 1123 442 1186 nostri
464 1140 527 1203 pro
553 1121 719 1186 fidelitate
744 1141 809 1187 sua
831 1123 1049 1187 observande
1069 1133 1195 1188 contre
1216 1123 1290 1189 iufi-

332 1221 509 1285 delitetem
524 1231 674 1285 vestrum
697 1220 797 1285 nobis
813 1222 957 1286 viriliter
970 1229 1006 1286 et
1020 1221 1169 1286 fideliter
1187 1223 1291 1287 essis-

334 1329 425 1398 tuut,
455 1321 498 1384 de
526 1329 643 1385 vestre
669 1320 837 1385 fidelitate
859 1321 914 1385 vel
943 1340 1063 1386 amore
1090 1341 1161 1386 uon
1187 1341 1288 1387 cura·

335 1439 434 1497 mus3
468 1419 529 1484 sed
555 1440 618 1485 vos
651 1427 817 1503 tauquam
851 1428 988 1485 nostros
1018 1430 1055 1484 et
1079 1440 1199 1486 eorum
1223 1422 1289 1485 iui-

335 1522 443 1584 micos
458 1518 661 1583 diffidamus.
707 1518 814 1583 Teste
832 1520 965 1602 meipso
983 1519 1076 1602 apud
1094 1519 1241 1585 Leues?

388 1619 434 1681 Et
455 1639 517 1682 rex
539 1619 644 1682 etiam
672 1616 887 1683 Alemanniae
910 1627 947 1684 et
974 1619 1168 1684 Edwardus
1198 1619 1292 1685 filius

336 1719 439 1798 regis,
462 1718 600 1782 nomine
621 1737 685 1782 suo
704 1726 739 1782 et
758 1717 907 1783 eliorum
928 1718 1002 1801 regi
1027 1718 1293 1796 edbaerentium,

335 1817 550 1898 scripserunt
575 1817 749 1899 praedietis
782 1818 966 1883 comitibus
993 1825 1030 1882 et
1055 1837 1175 1883 eornm
1197 1838 1292 1884 eom·

336 1916 484 1999 plicibus
500 1917 535 1979 iu
553 1915 619 1981 hec
635 1916 767 1980 forme:

176 2027 318 2117 {ww
387 2015 585 2080 ‘Ricardus
604 2015 675 2080 Dur
701 2016 817 2097 gratia
838 2033 902 2079 rex
918 2008 1178 2081 'Romanorum
1200 2035 1293 2081 sem·

175 2088 270 2217 pipp
338 2135 399 2198 per
429 2113 625 2196 Augustus,
653 2123 690 2180 et
714 2114 907 2179 Edwardus
930 2114 1077 2180 illustris
1100 2116 1195 2197 regis
1218 2114 1294 2181 An·

253 2205 258 2214 '
337 2215 418 2297 gliae
444 2215 704 2297 primogenitus,
732 2212 906 2296 ceterique
934 2215 1082 2279 barones
1108 2234 1231 2281 omues
1255 2223 1292 2280 et

337 2315 481 2390 nobiles,
497 2314 664 2396 praedicto
680 2313 753 2394 regi
772 2311 912 2394 Angliae
936 2321 1137 2379 constanter
1157 2322 1196 2380 et
1219 2314 1291 2379 siu·

337 2433 416 2477 cera
436 2413 503 2477 fide
526 2421 633 2497 atque
655 2412 817 2495 operibus
835 2411 1065 2492 adhaerentes,
1084 2413 1230 2496 Symoui
1247 2414 1295 2479 de

339 2512 567 2588 Monte-forti,
594 2511 773 2577 Gileberto
802 2512 845 2576 de
867 2509 980 2588 ctare,
1004 2531 1046 2577 ee
1065 2513 1191 2578 ceteris
1214 2515 1291 2578 uui-

338 2613 448 2675 versis
468 2620 503 2676 et
522 2612 668 2693 siugulis
691 2610 844 2694 perfidiae
860 2631 934 2676 suae
948 2612 1186 2694 complicibus.
1233 2612 1289 2677 Ex

338 2711 463 2775 litteris
489 2712 626 2787 vestris,
645 2730 732 2793 quas
754 2709 894 2774 domino
919 2719 1039 2775 nostro
1066 2712 1196 2777 illustri
1216 2711 1291 2794 regi

338 2808 476 2888 Angliee
501 2809 743 2874 transmisistis
774 2809 970 2893 accepimus
1001 2829 1067 2874 uos
1097 2831 1175 2876 esse
1204 2811 1292 2875 diffi-

339 2907 439 2971 datos
481 2927 502 2971 e
543 2910 654 2988 vobis,
695 2910 854 2990 quamvis
895 2908 1092 2991 buJusmodi
1126 2903 1293 2975 ³verbalis

338 3005 505 3071 diffidatio
527 3009 614 3072 sutis
638 3008 794 3071 fueritin
814 3001 896 3072 ⁴nos
918 3008 1057 3073 realiter
1075 3018 1158 3073 ente
1175 3017 1292 3075 vestre

338 3105 469 3183 hostili,
494 3107 529 3170 in
559 3127 671 3170 rerum
703 3114 899 3171 nostrerum
926 3107 1093 3173 incendiis
1120 3117 1156 3172 et
1187 3111 1292 3175 bono-

338 3226 414 3269 rurn
450 3215 645 3271 nostrorum
683 3205 1021 3289 depopulationibus,
1051 3210 1292 3289 persecutione

337 3305 485 3388 prolata.
538 3304 615 3369 Nos
630 3305 737 3386 igitur
751 3305 839 3369 scire
866 3325 927 3369 vos
948 3304 1121 3384 volumus,
1147 3326 1170 3371 e
1193 3308 1293 3372 nobis

337 3406 507 3469 universis
525 3413 560 3469 et
579 3404 725 3484 siugulis
742 3423 804 3468 vos
819 3413 984 3488 tanquam
1002 3404 1121 3471 hostes
1136 3407 1292 3489 publicos

338 3507 381 3569 ab
406 3505 561 3568 hostibus
582 3502 766 3581 diffidatos,
793 3505 852 3587 qui
878 3504 1039 3586 deinceps
1064 3525 1291 3588 personarum

338 3612 530 3668 vestrarum
554 3611 589 3667 et
615 3622 727 3666 rerum
752 3601 951 3685 dispendiis,
977 3604 1174 3688 ubicunque
1195 3607 1292 3671 uobis

338 3703 381 3764 ad
409 3703 474 3765 boe
504 3702 653 3766 facultas
683 3702 799 3778 fuerit,
822 3704 905 3766 totis
928 3703 1061 3768 viribus
1091 3714 1129 3768 et
1160 3706 1292 3769 nisibus

337 3802 547 3865 insistemus.
600 3802 654 3864 De
674 3802 739 3866 boe
761 3801 855 3884 quod
877 3801 965 3867 falsa
986 3803 1085 3866 uobis
1102 3804 1293 3886 imponitis,

337 3901 429 3983 quod
448 3919 510 3964 uec
525 3900 625 3964 fidele
647 3920 709 3964 nec
727 3902 854 3965 bonum
870 3901 1049 3965 consilium
1070 3902 1138 3984 ipsi
1155 3902 1294 3968 domiuo

374 4109 380 4138 ¹
397 4109 572 4170 ‘pmpositum
582 4102 598 4167 ;'
610 4109 649 4157 Μ.
660 4113 685 4157 et
697 4107 745 4158 Ar.
865 4107 875 4137 ²
892 4110 1045 4168 ‘somnulis3'
1056 4111 1095 4159 Μ.
1107 4116 1133 4160 et
1144 4111 1193 4162 Ar.

372 4170 383 4206 ²
398 4179 438 4226 Μ.
454 4179 504 4227 eud
523 4179 571 4227 Ar.
589 4177 654 4226 beve
675 4179 801 4227 ‘Franco-

336 4245 415 4296 rurnz'
436 4248 564 4308 evidently
572 4261 604 4296 nu
618 4261 695 4297 error.
863 4247 873 4278 ⁴
889 4250 952 4297 ‘vos
961 4243 976 4310 ;'
989 4249 1049 4299 coa.
1063 4248 1128 4311 neg.
