2940 4950
335 443 404 507 346
692 456 765 504 rue.
781 455 930 503 rnrvarr

338 624 414 692 trae,
430 615 569 678 nomine
587 621 708 678 nostro
722 632 765 677 ac
779 612 919 678 nomine
934 613 1122 679 eorundem
1139 616 1289 680 omnium

337 722 374 779 et
391 714 608 796 singulorum
625 713 725 777 vobis
746 713 921 778 reddimus
938 734 1001 798 per
1022 709 1250 798 praesentes.'¹

389 814 470 878 Rex
486 814 606 878 audita
623 813 688 877 bae
709 813 827 879 littera
848 815 1120 896 resignationem
1140 814 1291 898 homagii

338 914 393 977 sui
409 914 561 990 admisit,
581 922 617 978 et
636 913 845 978 cancellario
861 934 926 978 suo
945 916 1114 998 praecepit
1134 914 1226 980 banc
1237 916 1292 980 lit·

339 1024 449 1078 teram
481 1014 673 1095 registrari,
704 1013 748 1078 ad
783 1023 985 1097 perpetuam
1013 1015 1217 1080 memoriam
1245 1016 1292 1079 rei

175 1132 291 1172 raaia
338 1121 460 1195 gestae.
512 1112 667 1177 Comites
683 1113 810 1178 Scotiae
832 1115 992 1197 superius
1010 1116 1194 1193 nominati,
1215 1135 1290 1181 cum

177 1183 282 1281 iiiiii.
339 1232 456 1277 eorum
482 1215 657 1291 comitiva,
681 1213 772 1296 apud
796 1222 949 1278 castrum
974 1213 1018 1278 de
1039 1207 1290 1281 ²Gredewortbe

178 1283 289 1322 monto
516 1314 523 1328 .
690 1315 697 1327 .
810 1314 818 1327 .
955 1315 962 1329 .

176 1333 291 1382 aaran
339 1314 538 1390 coadunati,
554 1313 699 1397 proiecti
712 1320 794 1376 sunt
807 1333 845 1377 ιιι
855 1313 1037 1395 Anglram3
1060 1322 1097 1379 et
1112 1323 1290 1380 vastantes

175 1381 317 1478 ffiffiu
340 1415 456 1477 omnia
487 1413 581 1477 caede
608 1420 646 1477 et
674 1413 847 1490 incendio,
868 1408 998 1496 ³usquo
1021 1413 1066 1477 ad
1099 1416 1289 1497 prioratum

175 1483 307 1522 ”dm
340 1513 699 1595 Haugnstuldensem,
715 1521 753 1578 ct
767 1513 805 1576 in
814 1513 944 1590 eodem,
961 1513 1176 1595 fugientibus
1189 1534 1292 1580 cano-

340 1614 439 1689 nicis,
461 1633 499 1676 se
521 1621 646 1695 quarto
667 1612 746 1676 idus
763 1611 896 1696 Aprilis
918 1621 1132 1696 receperunt
1186 1614 1290 1680 Mane

340 1731 422 1777 vero
454 1713 559 1790 sacto,
587 1713 777 1795 prioratum
806 1732 885 1777 cum
913 1720 989 1777 tota
1018 1713 1102 1778 villa
1130 1714 1289 1780 incendio

340 1812 553 1877 destruxere.
606 1812 790 1894 Progressi
816 1811 897 1877 inde
926 1812 969 1877 ad
992 1813 1133 1877 domum
1162 1816 1291 1879 monia·

339 1911 424 1975 lium
440 1910 483 1975 de
502 1912 681 1996 Lamelay,
697 1905 943 1995 *domibusque
964 1913 1171 1996 quibusdam
1193 1914 1291 1979 salva

340 2011 487 2077 ecclesia
505 2012 666 2089 incensis,
687 2031 766 2076 cum
785 2012 919 2094 ingenti
939 2012 1058 2094 praeda
1079 2014 1116 2077 in
1137 2013 1290 2079 Scotiam

341 2119 573 2176 revertuntur.
624 2112 812 2190 Patricius,
840 2131 956 2177 comes
982 2111 1025 2177 de
1051 2112 1214 2192 Dnnbar,
1246 2112 1289 2179 ad

340 2230 456 2295 regem
480 2211 622 2293 Angliae
644 2213 797 2289 veniens,
821 2232 860 2276 se
881 2210 993 2276 eidem
1014 2231 1094 2277 cum
1121 2221 1199 2279 tota
1228 2232 1290 2278 sua

178 2332 329 2381 mmmm
342 2311 494 2377 subdidit
509 2319 695 2396 potestate.
747 2310 910 2376 Castrum
929 2312 974 2377 de
988 2312 1136 2377 Dunbar
1151 2313 1188 2377 in
1204 2313 1292 2379 festo

178 2383 274 2423 ΜΝ
342 2412 378 2475 S.
413 2410 595 2476 Michaelis
628 2412 806 2476 obsessum
841 2431 863 2475 a
896 2411 1024 2489 Scotis,
1052 2411 1175 2477 fraude
1205 2432 1290 2496 quo·

341 2512 495 2576 rumdam
513 2512 549 2575 in
568 2531 609 2575 eo
630 2513 852 2576 existentium
869 2511 1039 2576 redditum
1061 2518 1117 2576 est
1140 2513 1287 2578 eisdem:

341 2630 404 2692 pro
431 2631 501 2694 quo
529 2611 763 2694 recuperando
789 2612 883 2675 misit
912 2632 975 2676 rex
1006 2611 1181 2675 Joannem
1208 2613 1290 2677 Sur·

342 2712 421 2774 reiae
445 2718 480 2774 et
502 2710 715 2775 Willelmum
735 2710 922 2775 Warewici
944 2711 1099 2789 comites,
1126 2731 1206 2775 cnm
1229 2715 1290 2777 mi·

341 2809 418 2874 litia
440 2830 567 2892 magna
592 2811 704 2875 valde.
771 2809 907 2888 Quibus
930 2811 1178 2893 superveniens
1209 2812 1290 2877 Sco·

200 2891 214 2918 ¹¹
244 2891 295 2969 'ius
314 2942 326 2969 0
342 2919 455 2973 torum
489 2911 675 2986 exercitus,
707 2918 746 2974 ut
781 2911 931 2975 obsessis
967 2911 1071 2975 ferret
1107 2912 1290 2990 auxilium,

341 3011 515 3093 excipitur
540 3030 657 3093 pugna
682 3010 783 3075 dura:
810 3005 1038 3092 ⁵fugientibus
1055 3011 1196 3075 tandem
1213 3014 1289 3077 Sco

342 3111 386 3172 tis
415 3110 644 3192 insequuntur
669 3108 810 3191 Anglici
834 3130 895 3194 per
916 3118 996 3175 octo
1019 3110 1183 3175 milliaria
1210 3112 1290 3189 fere,

342 3209 512 3290 usquead
532 3209 694 3274 forestam
713 3209 755 3274 de
770 3203 955 3287 ⁶Selelark,
976 3218 1130 3292 stragem
1150 3213 1290 3276 nimiam

340 3310 557 3390 ingerentes;
582 3310 633 3373 ita
660 3317 699 3373 ut
725 3329 892 3374 caesorum
915 3329 1078 3373 numerus
1104 3309 1150 3374 ad
1174 3311 1290 3376 decem

340 3408 448 3472 millia
487 3408 664 3472 hominum
702 3410 806 3474 suerit
844 3410 1048 3474 aestimatus.
1138 3410 1290 3476 Sabbato

374 3622 382 3654 ¹
400 3626 453 3673 ‘Et
461 3626 511 3675 suit
519 3627 569 3674 ista
577 3627 652 3675 litera
659 3625 714 3674 sine
720 3625 782 3674 data
789 3619 804 3686 ;'
829 3638 896 3685 mus,
911 3629 937 3673 et
951 3623 1079 3685 quondam
1095 3625 1175 3673 totius
1192 3625 1292 3686 Seotia,

340 3696 416 3744 Hem.
447 3699 498 3759 ⁹3„
527 3696 578 3744 and
607 3696 748 3759 Knigbton,
776 3701 806 3744 ut
829 3694 969 3743 beatissimi
982 3695 1082 3743 scilicet
1091 3694 1206 3744 Andreae
1222 3709 1293 3758 apos·

339 3780 588 3884 suet‘aiiedevrorthe
601 3829 620 3894 ;'
650 3835 710 3883 Cod.
739 3833 805 3897 Reg.
828 3765 964 3896 Quium
975 3763 1292 3897 prgz‘ritingecztliugr’rgffi

338 3904 482 3955 Jedworth.
828 3908 870 3954 tur
893 3905 1022 3954 nominare
1045 3900 1187 3967 solebant3’
1215 3905 1291 3954 Hem.

373 3973 499 4037 ⁸‘usque
525 3975 558 4024 ad
584 3975 722 4036 prioratum
746 3987 803 4022 eum
828 3978 868 4023 94.

338 4049 390 4093 tota
402 4045 464 4093 villa
474 4045 655 4093 destruxerunt
662 4039 676 4103 3'
688 4045 737 4093 Ar.
745 4047 803 4093 220.
863 4043 873 4074 ⁴
889 4044 898 4072 ‘
906 4043 1024 4093 domibus
1046 4043 1201 4105 quibusdam
1212 4040 1233 4104 ;’
1255 4045 1291 4093 M.

337 4118 345 4141 ‘
356 4115 438 4163 Obiiti
451 4130 559 4175 namque
572 4120 631 4163 sunt
641 4112 746 4180 (stud),
757 4114 803 4162 im·
827 4119 851 4163 et
862 4113 911 4163 Ar.

339 4198 379 4232 mo
413 4191 627 4247 contempserunt,
658 4184 822 4244 memoriam
864 4182 1087 4246 ”effugientibus
1096 4178 1111 4244 ς’
1124 4184 1162 4233 Μ.
1174 4187 1199 4232 et
1210 4182 1258 4232 Ar.

339 4254 472 4302 reverendi
500 4256 599 4316 patroni
621 4255 734 4317 ejusdem
759 4255 803 4303 do·
862 4251 1068 4304 ‘beselkirk
