2940 4950
516 456 699 503 ansanus.
1016 441 1081 504 213

122 609 279 673 exercitu
298 610 479 693 dissipavit
495 612 531 675 in
550 613 657 688 brevi,
682 620 717 676 et
734 633 793 676 eos
812 614 854 676 ad
872 613 1078 678 deditionem

122 717 284 791 potenter
308 711 432 791 coegit.
485 712 671 787 Henricus,
699 713 871 777 Frederici
893 715 1079 795 imperato·

124 808 282 889 risssfilius
298 830 343 873 ex
360 830 476 876 sorore
493 812 583 892 regis
599 810 799 893 Aragoniae,
815 833 902 895 puer
919 814 1079 877 decennis

123 908 169 973 de
186 910 350 974 mandato
366 911 474 993 patris
489 910 525 973 in
545 930 686 991 regnum
707 912 920 976 Alemanniae
935 932 1078 978 corona·

125 1015 195 1072 tur.
259 1008 356 1074 Obiit
389 1009 508 1073 Simon
538 1004 762 1074 ¹Exoniensis
795 1012 989 1094 episcopus,
1024 1013 1078 1076 cui

124 1107 323 1172 Wiilelmus
353 1109 396 1173 de
425 1109 462 1174 la
491 1102 639 1174 ²Bruere
672 1111 848 1174 successit.
902 1111 1079 1177 Walterus

127 1206 332 1274 Maucterck
353 1202 410 1274 ’fit
431 1210 614 1291 episcopus
638 1207 885 1286 Karleolensis,
910 1213 969 1294 qui
1000 1220 1080 1294 post

128 1308 263 1391 aliquot
280 1326 401 1385 annos,
419 1308 605 1391 impetrata
622 1327 644 1371 a
658 1308 797 1372 domino
821 1328 913 1393 papa
939 1312 1079 1374 cedendi

127 1406 277 1484 licentia,
307 1408 461 1471 ordinem
483 1407 628 1472 fratrum
654 1406 926 1473 Praedicatorum
952 1411 1080 1493 ingres-

130 1525 190 1571 sus
217 1514 284 1584 est,
306 1507 403 1572 nulla
425 1508 492 1571 sibi
514 1507 557 1572 de
579 1507 781 1590 episcopatu
800 1509 997 1591 provisione
1022 1531 1081 1592 pe·

129 1604 224 1672 nitus
253 1614 450 1685 reservata3
483 1607 542 1689 qui
574 1607 665 1671 inter
689 1605 813 1671 fratres
842 1610 878 1672 in
909 1618 1080 1675 conventu

130 1704 279 1770 Oxoniae
316 1706 479 1788 religiosa
516 1708 778 1771 conversatione
820 1727 1081 1785 consenescens,

129 1804 241 1869 multa
266 1806 301 1869 in
327 1806 481 1871 aedificiis
509 1814 544 1871 et
565 1806 643 1869 aliis
670 1808 890 1872 memoranda
911 1803 1080 1892 *reliquit

130 1903 228 1969 Obiit
245 1903 454 1981 Willeimus,
472 1906 654 1988 episcopus
671 1905 876 1972 cestrensis

162 2102 189 2140 O.
201 2105 227 2142 N.
238 2105 258 2141 J.
269 2104 294 2141 O.
381 2104 617 2141 P.ROMANORUMR.
680 2096 683 2145 i
715 2106 868 2141 FRANOORUM
895 2116 897 2153 t
920 2106 1058 2141 asotorum

168 2193 291 2231 ircoxxrv.
331 2192 437 2228 ιιοιιοιιιι
448 2176 493 2322 ιιι..
505 2164 637 2227 ιῖιιιιιιιιιοι
649 2191 676 2228 ιι.
699 2191 813 2226 tonovrcr
825 2192 879 2227 vm.
894 2190 897 2201 ·
914 2192 1015 2226 ueneror
1028 2191 1067 2228 ιιι.

394 2253 418 2298 8.
550 2254 575 2297 11.
590 2252 628 2296 13.
781 2251 804 2295 l.
894 2206 898 2305 i
980 2253 1004 2297 8.

184 2395 394 2459 Lonovroos
422 2393 634 2458 Francorum
662 2411 737 2467 rex,
766 2390 960 2472 postposito
985 2389 1161 2472 jura-Lm„⁸

131 2501 250 2559 mento
274 2493 366 2578 quod
396 2493 477 2558 olim
504 2494 539 2556 in
564 2490 694 2573 Anglia
721 2489 943 2571 praestiterat,
970 2498 1086 2570 coepta
1096 2477 1188 2574 ῗξζΐζῗ.

134 2594 245 2677 patris
271 2602 393 2657 contra
419 2613 534 2675 regem
557 2591 696 2673 Angliae
725 2608 948 2672 prosequens,
966 2574 1227 2666 villami’ffiffi‘

134 2692 172 2758 S.
188 2692 211 2757 J
215 2692 337 2757 oannis
357 2691 540 2774 Angeliaci
563 2693 666 2774 cepit,
685 2697 721 2754 et
743 2708 803 2771 per
820 2688 1022 2753 Savaricum
1044 2687 1087 2752 de

133 2791 369 2858 Malo-Leone
402 2799 553 2855 castrum
584 2793 626 2855 de
660 2785 835 2854 ⁵Mordum
866 2790 901 2851 in
927 2789 1087 2853 Pictavia

133 2911 207 2956 suae
236 2892 454 2956 commissum
486 2890 665 2967 custodiae,
699 2890 797 2954 salvo
829 2889 905 2970 ipso
938 2898 972 2952 et
1002 2888 1086 2962 suis,

133 2991 304 3057 redditum
335 2997 389 3055 est
422 2991 496 3072 regi
532 2991 753 3053 Francorum.
807 2987 953 3052 Obsedit
983 2988 1086 3051 etiam

135 3090 332 3156 Iaodovicus
354 3090 553 3173 Rupeilam,
579 3108 682 3172 quam
709 3108 786 3152 cum
814 3088 977 3150 trecentis
1001 3087 1087 3150 mili·

135 3190 228 3256 tibus
252 3189 418 3275 proesatus
437 3209 546 3272 nuper
562 3188 753 3252 intraverat
770 3187 966 3250 Savaricus.
1018 3186 1089 3265 Qui

135 3290 248 3373 primo
269 3309 307 3355 se
329 3289 475 3354 viriliter
495 3287 718 3352 defendentes
743 3287 848 3348 etiam
876 3285 969 3366 regis
990 3305 1089 3348 exer-

133 3391 241 3455 citum
264 3390 391 3472 pluries
411 3388 653 3453 molestabant.
706 3385 773 3448 Sed
795 3384 934 3448 tandem
954 3383 1088 3447 reddita

134 3497 190 3554 est
218 3488 301 3554 villa
333 3489 544 3553 Francorum
578 3487 663 3566 regi,
702 3484 866 3548 Savarico
899 3483 942 3546 de
974 3481 1087 3545 Malo·

135 3588 252 3654 Leone
273 3589 308 3651 in
331 3587 497 3669 Angliam
521 3586 787 3661 transfretante;
815 3584 973 3666 quicum
998 3583 1089 3646 inter

134 3687 367 3770 navigandum
409 3687 578 3768 cogitaret
616 3704 654 3748 se
691 3684 809 3747 haberi
848 3682 940 3765 apud
974 3702 1088 3763 regem

135 3786 275 3870 Angliae
294 3787 496 3871 proditionis
518 3792 729 3866 suspectum,
752 3802 873 3846 navem
891 3802 989 3846 suam
1007 3801 1089 3845 con-

136 3888 241 3951 vertit
278 3889 314 3951 in
355 3887 551 3961 Franciam,
587 3892 621 3948 et
651 3883 763 3946 sectus
799 3884 979 3963 transfuga
1016 3880 1090 3960 regi

172 4108 180 4141 ¹
197 4112 369 4161 ‘oxoniensis
378 4107 391 4171 ;'
405 4108 475 4160 n’A.
613 4110 615 4117 '
661 4102 672 4134 ³
688 4099 1091 4165 SeeScript.()rd.}'red.i.12⁰.

663 4174 673 4203 ⁴
689 4174 812 4222 ‘reclusit
822 4167 836 4229 ;'
849 4171 888 4219 Μ.

171 4242 183 4275 ²
197 4246 302 4295 ‘Bruue
312 4246 328 4307 ς’
348 4246 386 4295 Μ.
399 4250 422 4295 et
434 4245 481 4294 Ar.
663 4242 672 4271 ⁶
689 4248 696 4271 ⁸
711 4242 818 4290 Mor-don
830 4235 844 4301 ;'
861 4240 900 4288 M.
