2940 4950
536 448 717 498 suunuss.
1037 436 1105 501 1⁷5

140 605 331 683 manniam,
347 604 551 683 Turonium,
569 613 676 688 atque
699 606 895 671 Pictaviam
919 607 995 671 sine
1017 607 1104 671 dilli-

141 706 273 771 cultate
307 716 458 788 occupat
491 705 625 769 nemine
656 707 851 771 resistente.
904 706 1019 789 Capta
1050 716 1104 772 est

140 807 247 871 etiam
268 806 305 869 iu
330 803 411 869 dolo
439 804 703 887 Andegaveusis
732 806 857 870 civitas
883 806 1101 872 aWillelmo

142 905 187 970 de
217 905 393 988 Rupibus,
428 904 555 969 milites
586 924 668 968 suos
702 907 767 969 sub
801 906 897 988 capis
936 914 1102 983 armatos,

142 1005 240 1069 velut
256 1011 465 1069 mercatores
482 1005 526 1068 ad
550 1005 735 1079 nundinas,
755 1006 950 1070 inducente.
1004 1006 1103 1071 Inter

141 1112 197 1169 tot
230 1105 378 1170 adversa
409 1103 566 1169 Joanncs
597 1103 792 1185 Anglorum
820 1124 896 1180 rex,
926 1124 1003 1168 cum
1033 1127 1102 1170 non

139 1213 273 1288 posset,
295 1204 368 1269 suis
385 1203 659 1268 detrectantibus
681 1204 850 1282 militiam,
875 1224 937 1285 pro
958 1204 1102 1288 perditis

140 1302 385 1387 recuperandis
399 1302 456 1368 vel
478 1322 549 1367 nou
571 1303 713 1385 perditis
731 1303 953 1367 defendendis
969 1306 1102 1368 exerci-

143 1411 219 1468 tum
251 1420 476 1485 congregare,
508 1410 602 1466 certo
633 1404 873 1484 experimento
904 1403 1037 1480 didicit,
1067 1405 1103 1467 iu

143 1502 326 1567 voluntate
351 1502 614 1584 obsequentium
642 1502 745 1567 sitam
772 1522 848 1566 esse
876 1510 986 1566 totam
1011 1504 1102 1584 priu-

145 1602 264 1685 cipum
280 1607 500 1683 potestatem.
1121 1630 1170 1665 κ·
1223 1612 1238 1621 ’
1269 1608 1272 1613 “

196 1700 249 1765 Eo
270 1709 425 1783 tempore
444 1698 610 1781 magister
633 1697 812 1763 Gallridus
830 1700 874 1763 de
896 1700 1101 1779 Vinosalvo,
1114 1721 1209 1771 ason
1218 1722 1242 1761 or
1314 1672 1371 1763 ..κ’
1374 1672 1466 1813 [Cf

145 1800 207 1885 qui
230 1800 275 1865 ad
296 1819 423 1884 papam
451 1798 692 1863 Innocentium
714 1799 839 1862 librum
862 1799 904 1863 de
925 1800 1140 1899 arteElo·
1090 1750 1156 1811 vm
1158 1772 1242 1857 “ffi-
1247 1790 1380 1861 .,''l'

141 1900 294 1984 quentiae
325 1900 475 1983 scripsit,
502 1892 633 1963 ¹clarus
668 1897 823 1963 habetur.
877 1899 1004 1964 Petrus
1035 1921 1099 1964 rex

142 1992 363 2081 'Aragouum
392 2018 537 2081 regnum
567 2016 669 2062 suum
695 1999 820 2062 obtulit
845 2000 1000 2064 ecclesia·
1030 2000 1100 2065 Ro-

143 2118 269 2176 manae,
285 2107 320 2164 et
332 2098 418 2162 illud
434 2098 544 2161 eidem
562 2097 745 2161 constituit
759 2098 931 2163 censuale.
984 2099 1100 2164 Graeci

144 2217 248 2263 suum
274 2197 519 2281 imperatorem
539 2196 705 2260 Alexium
730 2196 910 2279 abjiciunt,
935 2204 970 2260 et
994 2200 1100 2263 alium

145 2298 213 2361 sibi
234 2304 354 2363 creant
379 2297 518 2361 nomine
547 2295 759 2373 Nicolaum;
789 2315 890 2376 quem
915 2297 1040 2360 Franci
1065 2307 1100 2362 et

147 2396 276 2462 Veneti
298 2404 402 2479 capta
427 2395 730 2477 Constantinopoli
755 2395 965 2472 occiderunt,
987 2404 1023 2459 et
1045 2416 1100 2460 as·

146 2514 252 2561 sensu
269 2496 423 2561 unanimi
444 2496 696 2571 Baldewinum,
716 2494 977 2558 Flandrensium
997 2496 1103 2560 comi-

148 2604 233 2673 tem,
253 2596 290 2659 in
309 2596 491 2678 imperium
516 2595 758 2658 sublimarunt.
811 2593 1103 2678 Constantinopo-

145 2696 207 2759 lim
227 2702 345 2759 tamen
368 2694 446 2777 oapi
469 2695 513 2759 ab
537 2693 674 2758 homine
696 2694 796 2757 multi
819 2694 861 2759 de
887 2695 1020 2760 civibus
1042 2697 1102 2758 im-

145 2794 314 2878 possibile
333 2795 555 2877 reputabant,
578 2801 652 2857 tum
676 2800 818 2876 propter
837 2794 991 2859 civitatis
1008 2796 1103 2859 sorti·

146 2894 313 2972 tudinem,
329 2900 403 2959 tum
420 2899 563 2977 propter
577 2892 793 2975 prophetiam
809 2914 913 2977 quam
929 2895 1103 2959 habebant

146 2994 353 3077 antiquam:
376 3013 498 3076 nempe
515 2992 759 3075 prophetatum
777 3002 864 3070 erat,
885 2996 977 3076 quod
1000 2996 1101 3059 debe-

145 3100 203 3159 ret
217 3094 295 3176 capi
310 3112 372 3176 por
388 3092 559 3175 Angelum
576 3112 584 3171 ;
609 3098 645 3155 et
661 3092 739 3156 ideo
755 3095 832 3176 capi
851 3114 912 3176 per
931 3094 1102 3160 hominem

147 3212 219 3257 non
234 3192 431 3257 credebant.
477 3190 544 3255 Scd
562 3190 719 3256 hostibus
738 3212 798 3275 per
815 3212 950 3256 murum
969 3195 1027 3257 ubi
1044 3214 1102 3257 an-

148 3292 250 3376 gelus
274 3293 389 3375 pictus
417 3298 492 3356 erat
523 3292 744 3368 intrantibus,
772 3310 810 3354 se
848 3290 1010 3374 deceptos
1041 3313 1103 3375 pcr

146 3392 458 3476 aequivocationem
477 3390 592 3472 angeli
609 3396 858 3471 cognoverunt.

194 3491 275 3556 Hoc
302 3510 394 3556 auno
420 3484 678 3573 'Aldephonsus
710 3510 772 3553 rex
802 3488 964 3553 Castellae
994 3489 1103 3553 Dida·

146 3610 228 3657 cum
261 3590 493 3655 Oxomeusem
522 3590 721 3672 episcopum
751 3589 794 3653 ad
825 3590 1014 3667 Marclrias,
1041 3610 1103 3672 pro

143 3690 328 3775 cujusdam
349 3690 475 3756 nobilis
497 3689 623 3773 puellae
646 3690 818 3754 connubio
835 3690 999 3767 filiosuo,
1020 3690 1103 3754 Fer·

146 3788 299 3855 dinando
331 3782 501 3869 ⁴nomine,
533 3788 761 3854 conciliando.
814 3788 898 3868 Qui,
925 3798 1104 3872 assumpto

184 4026 193 4059 ¹
210 4030 253 4080 ‘in
263 4031 429 4094 grammatica
439 4030 552 4095 claras?
563 4031 615 4081 Mu
675 4028 686 4061 ⁸
702 4030 870 4080 ‘adelfonsus
876 4026 891 4089 ;’
903 4027 971 4080 n’A.
999 4028 1106 4079 Aliouso

145 4100 271 4151 ‘illutbis
281 4095 414 4163 habetur3'
426 4101 474 4153 Ar.
641 4100 691 4152 lx.
704 4100 733 4149 οἰ
740 4101 809 4150 Leon
821 4101 871 4150 and
884 4100 989 4149 Castile.

677 4168 687 4197 ⁸
702 4165 841 4230 ‘nomiue3’
858 4169 962 4218 omitted
971 4170 997 4217 iu
1006 4168 1045 4218 M.
1055 4168 1105 4217 and

183 4236 340 4291 ’PelerlL
642 4237 692 4289 Ar.
