2940 4950
578 449 760 498 surices.
1077 435 1144 499 305

190 609 266 673 nuit
291 608 326 671 in
350 608 415 672 hoc
442 607 544 672 bello.
597 607 808 689 Progressus
835 608 957 673 deinde
981 604 1139 692 princeps

190 727 311 772 versus
336 716 461 771 terram
485 708 529 771 de
552 706 676 783 Bueld‚
700 728 737 771 se
763 728 839 771 cum
864 710 983 791 paucis
1009 711 1053 773 ab
1077 730 1138 773 ex·

189 808 300 871 ercitu
328 807 461 890 reliquo
494 807 694 889 separavit3
728 808 784 869 cui
813 827 890 872 curn
921 827 986 872 sua
1014 809 1278 912 militiaffslpffim

188 907 472 988 supervenientes
496 907 628 969 nobiles
656 905 719 969 viri
746 906 767 970 J
772 926 899 970 oannes
923 906 1070 972 Giffardi
1103 884 1250 974 eth-¹⁸15

190 1006 393 1070 Edmundns
422 1006 466 1069 de
496 1004 755 1082 Mortuo-mari,
791 999 890 1069 ¹nihil
922 1007 1138 1090 suspicantes

188 1106 233 1171 de
258 1106 425 1189 principe,
451 1106 564 1188 ipsum
592 1125 670 1168 cum
700 1104 803 1168 sociis
831 1125 949 1189 pugna
978 1108 1138 1189 aggredi·

187 1213 287 1270 entes
312 1205 512 1270 occiderunt
535 1204 622 1269 feria
645 1213 747 1269 sexta
769 1213 849 1269 ante
877 1204 1003 1268 festum
1026 1209 1137 1271 beatae

190 1305 320 1370 Luciae.
372 1304 544 1387 Principis
568 1312 684 1368 autern
713 1312 791 1387 post
819 1313 976 1381 mortem,
1004 1324 1026 1368 a
1053 1326 1136 1389 quo

187 1405 269 1469 dam
298 1404 358 1488 qni
383 1406 550 1468 intererat
574 1404 696 1485 agniti,
720 1412 824 1486 caput
847 1403 1035 1467 abscissum
1063 1407 1136 1486 regi

188 1503 354 1581 defertur,
378 1502 470 1587 quod
500 1502 697 1567 Londonias
721 1505 961 1567 transmissum
984 1504 1135 1587 positum

188 1611 244 1669 est
278 1623 339 1686 per
367 1611 503 1686 tempus
533 1602 673 1685 aliquod
705 1622 810 1685 super
840 1604 973 1667 turrim.
1034 1603 1136 1669 Circa

187 1702 278 1768 idem
307 1709 443 1785 tempus
471 1701 597 1765 milites
628 1701 767 1784 quidam
797 1702 840 1766 de
862 1704 954 1783 regis
981 1705 1136 1767 exercitu

187 1809 342 1885 pontem,
373 1821 474 1884 quem
508 1821 571 1865 rex
603 1801 838 1879 inchoaverat,
873 1803 1023 1866 nondum
1058 1823 1136 1886 per·

186 1901 315 1966 sectum
340 1901 455 1964 minus
477 1900 662 1983 prudenter
685 1901 916 1966 accelerantes
939 1904 1097 1979 transire,
1116 1922 1137 1966 a

186 2001 509 2085 supervenientibus
522 1999 756 2065 Wallensibus
772 2002 891 2081 territi,
905 2001 984 2064 dum
1003 2003 1039 2065 in
1053 2002 1138 2066 mul·

187 2100 336 2165 titudine
356 2099 563 2182 conglobata
587 2107 798 2164 revertentes
815 2100 964 2181 fugiunt,
983 2103 1136 2165 submer-

186 2192 344 2283 guntur.²
400 2198 498 2264 Inter
517 2218 605 2283 quos
622 2193 737 2263 ³erant
759 2200 857 2263 miles
879 2201 1136 2264 strenuissimus

187 2299 304 2365 Lucas
318 2299 360 2365 de
374 2299 511 2382 Thany,
528 2308 563 2363 et
574 2299 643 2363 duo
659 2300 815 2381 germani
834 2300 978 2363 Roberti
994 2299 1137 2376 Burnel,

187 2398 431 2465 Bathoniensis
446 2399 608 2482 episcopi,
626 2398 754 2481 aliique
770 2399 1002 2482 quamplures.

232 2498 315 2563 Hoc
333 2518 426 2564 anno
442 2499 564 2563 beatus
580 2498 745 2576 Thomas,
762 2492 1046 2562 *Herefordensis
1062 2498 1134 2580 epi·
1150 2517 1281 2557 saram..

186 2616 327 2683 scopus,
346 2598 382 2663 in
400 2599 458 2663 via
473 2617 594 2663 versus
611 2600 741 2662 curiam
756 2598 798 2662 de
822 2600 983 2681 praesenti
1007 2598 1135 2662 saeculo
1150 2568 1290 2608 ⁰¹¹¹⁸¹²³⁰¹⁶'

186 2717 334 2781 nequam
348 2705 488 2782 ereptus
503 2698 547 2762 ad
565 2718 673 2781 regna
693 2699 856 2780 migravit
873 2698 1040 2774 coelestia,
1057 2718 1133 2761 curn

187 2796 289 2863 annis
316 2805 447 2882 septem
475 2817 614 2879 gregem
643 2798 709 2861 sibi
736 2799 956 2862 commissum
985 2797 1135 2862 sollicita

186 2917 272 2963 cura
295 2898 452 2962 rexisset.
493 2896 575 2974 Hic,
594 2898 766 2962 nobilibus
789 2905 886 2961 ortus
906 2898 1094 2974 natalibus,
1113 2917 1135 2961 a

188 3016 296 3081 puero
324 2997 404 3061 Dno
431 2996 520 3061 vixit
543 2997 700 3061 devotus.
753 2998 866 3062 Studii
892 3006 1007 3061 autem
1034 3017 1134 3061 exer·

186 3096 353 3162 diedone
378 3096 571 3161 litterarum
605 3097 790 3179 adquirens
821 3098 992 3180 peritiam,
1025 3098 1135 3180 primo

186 3197 222 3261 in
265 3195 398 3261 artibus
438 3195 649 3273 liberalibus,
691 3196 814 3260 deinde
857 3197 892 3258 in
926 3196 1007 3279 jure
1045 3197 1136 3260 rexit

223 3372 394 3437 'According
409 3378 436 3424 to
453 3373 593 3437 Knighton,
615 3374 647 3422 he
673 3374 816 3424 Fauketon.
857 3374 973 3435 Knight.,
989 3374 1024 3423 X.
1043 3373 1136 3435 Script.

185 3460 243 3495 m
261 3445 327 3494 alain
344 3446 380 3506 by
390 3458 438 3494 one
456 3443 600 3506 Stephanus
616 3444 648 3493 de
674 3448 749 3493 2464.
762 3449 802 3493 18.

257 3526 269 3561 ¹
285 3529 386 3580 ‘When
396 3529 439 3579 the
451 3529 539 3592 brigge
549 3544 604 3579 was
615 3534 667 3591 eut,
678 3534 705 3577 at
715 3530 797 3592 Inglis
808 3544 864 3579 men
875 3544 932 3591 sny,

302 3599 450 3649 Withouteu
461 3604 616 3662 svysenrent,
624 3599 667 3648 the
678 3600 735 3661 brig
745 3600 798 3649 thei
810 3600 871 3649 wild
881 3614 967 3661 assay.

303 3670 365 3718 Sent
374 3669 427 3718 thei
437 3683 487 3718 non
498 3668 592 3731 miore,
601 3672 628 3718 to
639 3670 699 3718 wite
709 3669 768 3719 how
778 3670 830 3720 thei
841 3685 882 3719 mo
892 3684 977 3733 passe,

302 3738 437 3788 'l'lrerelore
447 3736 497 3787 had
508 3738 560 3787 thei
570 3738 632 3800 lore,
643 3739 740 3788 lernou
751 3742 889 3790 nuisement
896 3755 988 3790 wasse.

303 3808 380 3858 Forth
390 3813 459 3856 went
469 3807 561 3870 knight
571 3808 622 3857 and
631 3822 721 3870 sueyu,
733 3810 783 3858 and
794 3810 844 3859 fote
855 3825 912 3859 men
923 3811 958 3860 all
970 3811 994 3859 in
1007 3812 1067 3871 lere,

301 3878 355 3928 'l'lre
366 3877 470 3928 Wnlseh
481 3892 535 3927 com
547 3877 614 3926 them
626 3892 718 3940 ageyn,
727 3880 772 3928 did
783 3895 829 3930 our
839 3896 895 3929 men
907 3881 942 3929 all
953 3896 1033 3942 arere,

303 3948 371 3997 'l'lrat
380 3952 490 4010 tnrnyng
500 3947 556 3997 ther
565 3948 689 4010 anthanh,
701 3963 730 3998 as
740 3948 805 4011 hevy
817 3965 872 3999 was
882 3950 925 3998 the
936 3951 1038 4013 charge,

302 4018 392 4069 Under
400 4017 468 4067 them
480 4016 530 4066 ulle
542 4017 606 4066 sanir
619 4018 677 4067 both
689 4018 791 4067 bettelle
802 4019 852 4067 and
863 4020 960 4081 barga'

726 4088 845 4149 Lnngtolt
854 4104 870 4137 a
883 4089 995 4148 Hearne,
1006 4104 1032 4149 p.
1043 4090 1101 4135 241.

222 4170 348 4223 ⁸Allthe
359 4172 436 4222 MSS.
447 4172 610 4223 read‘eret.’
711 4170 912 4242 ‘Thislislrom
925 4173 962 4223 M.
1001 4172 1137 4232 Codsteg.

677 4242 723 4291 has
734 4244 742 4270 ‘
754 4239 967 4292 Herdlordensis!

960 4334 986 4380 X
