2940 4950
574 432 758 481 inurens.
1078 416 1143 480 113

188 585 291 648 turris
311 606 418 669 prope
438 595 574 670 portam
596 608 674 671 quae
701 587 841 670 respicit
860 586 902 651 ad
931 587 1139 670 aquilonem,

186 683 230 748 de
261 687 426 752 mandato
458 689 550 769 regis
579 688 784 770 Anglorum,
818 688 890 769 regi
927 687 1137 752 Francorum

186 784 321 849 reddita
336 794 399 851 est.
451 787 606 852 Tandem
621 808 692 871 pax
716 789 807 852 inter
820 795 936 852 tantos
952 788 1138 870 principes,

189 875 404 965 ¹magnatum
427 888 583 965 consilio,
609 889 795 954 reformata
818 895 871 951 est
894 889 930 950 in
954 887 1045 952 hunc
1066 907 1139 951 mo-

187 982 292 1048 dum:
317 984 510 1067 Anglorum
532 988 605 1070 regi
624 987 896 1053 restituebantur
917 989 1043 1061 omnia,
1067 996 1138 1051 tam

184 1082 347 1148 Castrum
370 1086 559 1169 Radulphi,
581 1108 685 1170 quam
704 1087 774 1152 alia
800 1096 879 1168 post
904 1106 1039 1151 crucem
1063 1107 1140 1151 sus-

187 1189 323 1265 ceptam
347 1186 477 1262 ablata,
504 1187 637 1250 scilicet
660 1189 752 1251 intra
780 1186 972 1251 Bituricam
997 1186 1138 1268 provin·

186 1283 284 1347 ciam.
337 1285 429 1367 Regi
459 1286 671 1350 Francorum
698 1294 879 1350 numerata
905 1292 987 1348 sunt
1015 1286 1139 1365 viginti

186 1381 295 1448 millia
310 1403 515 1462 marcarum,
531 1405 761 1468 expensarum
781 1385 929 1458 nomine,
947 1403 1034 1468 quos
1044 1384 1138 1448 *fece-

185 1490 240 1545 rat
270 1484 362 1547 circa
389 1484 549 1550 Castrum
581 1485 770 1568 Radulphi.
823 1484 1049 1549 Postmodum
1077 1504 1139 1548 rex

187 1580 383 1662 Anglorum
408 1585 606 1667 homagium
634 1585 717 1650 iecit
743 1585 817 1666 regi
844 1585 1076 1663 Francorum
1103 1591 1139 1647 et

186 1680 297 1745 cidem
330 1685 484 1767 quietum
515 1686 679 1750 clamavit
710 1684 872 1768 quicquid
905 1685 940 1748 in
972 1682 1139 1747 Alvernia

186 1779 260 1862 ipse
283 1782 337 1846 vel
368 1786 638 1867 praedecessores
661 1786 715 1850 sui
739 1784 975 1868 possederant.
1030 1782 1139 1847 Facta

187 1888 270 1945 sunt
286 1881 360 1945 haec
376 1884 412 1945 in
427 1885 547 1965 vigilia
563 1885 798 1967 apostolorum
817 1883 914 1948 Petri
931 1890 967 1947 et
984 1881 1098 1947 Pauli.

239 1980 318 2043 Rex
334 1989 450 2045 autem
468 1982 642 2048 Henricus
660 1991 741 2066 post
760 1983 846 2058 haec,
863 2002 941 2046 cum
959 1988 1138 2062 regnasset
1153 2000 1254 2039 nanu

188 2079 289 2140 annis
313 2080 457 2160 triginta
479 2089 640 2163 quatuor,
667 2084 840 2146 mensibus
862 2101 938 2157 sex,
960 2081 1138 2162 tribusque
1152 2051 1292 2099 *mm*

187 2176 423 2255 hebdomadis,
445 2181 537 2263 apud
555 2180 746 2244 Chinonem
762 2182 798 2245 in
816 2178 1054 2259 aegritudinem
1079 2179 1138 2242 de-

187 2277 318 2354 cidens,
344 2279 434 2342 diem
463 2300 564 2344 suum
590 2287 782 2344 extremum
809 2278 936 2342 clausit
955 2278 991 2340 iu
1014 2286 1140 2342 octava

187 2377 367 2442 beatorum
384 2379 620 2461 apostolorum
637 2379 734 2443 Petri
755 2385 791 2443 et
808 2377 923 2442 Pauli.
974 2376 1140 2459 Sepultus
1151 2393 1297 2484 ss‘ssgssffl‘l

186 2495 270 2541 vero
294 2486 348 2541 est
370 2479 463 2560 apud
485 2472 824 2554 Fontem-Ebrardi,²
844 2478 880 2541 in
902 2476 1048 2541 ecclesia
1071 2495 1130 2540 mo
1152 2495 1246 2535 emur.

188 2576 350 2656 nialium3
383 2597 529 2660 quarum
560 2578 816 2653 monasterium,
850 2576 969 2640 multis
999 2575 1139 2658 preediis

186 2675 346 2754 ditatum,
363 2677 437 2759 ipse
452 2677 621 2742 fundavit.
676 2676 935 2742 Solemnitatem
951 2675 1139 2758 sepulturae

184 2774 261 2858 ejus
287 2785 493 2858 peregerunt
508 2777 721 2842 Turonensis
738 2784 775 2842 et
789 2776 1012 2840 Trererensis
1030 2775 1137 2838 archi·

187 2875 351 2957 episcopi,
384 2885 554 2959 praesente
583 2876 655 2940 filio
683 2869 810 2959 ³[ejns]
838 2875 990 2940 Ricardo
1013 2875 1138 2939 comite

186 2972 399 3039 Pictavensi.
451 2975 655 3040 Contulerat
672 2976 736 3039 hoc
758 2994 849 3039 anno
867 2974 1042 3038 Henricus
1061 2994 1138 3057 per-

185 3080 325 3155 petuam
340 3073 592 3158 eleemosynam
612 3081 749 3138 centum
771 3093 964 3138 marcarum
986 3073 1138 3155 capitulo

188 3172 469 3235 cisterciensium
486 3165 756 3238 monachorum.⁴

240 3269 321 3334 Hoc
344 3290 434 3335 anno
456 3272 491 3335 in
513 3271 603 3336 sesto
631 3273 666 3336 S.
685 3271 828 3353 Georgii
852 3270 1055 3334 Fredericus
1075 3271 1138 3333 im·
1151 3288 1300 3338 marmeno:

186 3377 326 3453 perator
351 3370 386 3432 in
407 3370 551 3434 Terram
575 3370 739 3436 Sanctam
761 3371 827 3434 iter
853 3368 1140 3452 peregrinationis
1150 3340 1280 3479 ffiiiym‘

186 3489 248 3551 per
282 3475 408 3533 terram
442 3471 589 3553 arripuit
620 3472 712 3553 apud
745 3469 1046 3553 Reynesburgum,
1079 3488 1140 3550 per
1211 3467 1216 3477 '

189 3568 420 3650 Hungariam,
446 3578 482 3634 et
505 3570 597 3634 ultra
619 3570 831 3647 Danubium,
854 3589 916 3651 per
938 3568 1139 3650 Bulgariam

187 3668 408 3732 transiturus.
461 3669 615 3735 Veniens
640 3678 755 3734 autem
784 3671 820 3733 in
842 3668 1038 3745 Thraciam,
1060 3689 1138 3733 cum

186 3768 391 3849 denegasset
420 3769 451 3833 ei
484 3769 671 3852 imperator
702 3769 906 3835 Graecorum
941 3770 1136 3834 ulteriorem

224 4046 230 4075 ¹
261 4047 345 4099 Hall’e
374 4053 541 4102 emendation.
590 4053 650 4101 Cari.
710 4047 927 4114 '‘ejus'ielrom
941 4052 978 4099 M.

188 4120 253 4180 Reg.
266 4121 312 4168 has
324 4117 505 4182 ‘magnorum'
710 4120 720 4148 ⁴
738 4122 786 4169 See
798 4122 882 4182 ltoger
892 4120 922 4167 ol
931 4118 1081 4178 Wendover,
1091 4118 1139 4164 rol.

221 4186 232 4217 ²
249 4186 383 4250 ‘Eraudif
396 4191 464 4240 D’A.
482 4191 651 4241 Fontevrand.
676 4191 704 4238 ii.
717 4194 810 4251 paru.
