2940 4950
388 444 453 509 184
740 460 813 509 nic.
836 459 984 507 rnrvarr

389 619 465 682 dem
492 637 584 682 anno
604 619 668 681 sub
693 617 805 681 edicto
832 615 970 699 publico
997 615 1134 698 praelati
1160 624 1196 681 et
1215 615 1345 693 clerici,

389 720 448 801 qui
477 717 637 781 cedentes
667 716 808 781 malitiae
837 724 1030 798 temporum
1055 714 1219 797 Angliam
1248 715 1346 780 dese

390 825 542 894 ruerant,
570 817 615 881 ad
647 818 787 900 propria
817 823 1042 880 revocantur:
1077 824 1227 881 castrum
1262 835 1345 880 vero

392 918 643 982 Londonicnsis
666 918 831 999 episcopi,
849 915 940 998 quod
959 910 1189 980 ¹Scorteforde
1206 916 1346 993 dicitur,

229 1036 349 1076 Alexander
357 1035 413 1082 ora
442 1038 524 1099 rege
556 1017 733 1081 evertitur.
794 1014 996 1080 Alexander
1034 1016 1125 1096 regis
1161 1015 1345 1080 Scotorum

228 1087 325 1126 scotland
335 1085 353 1124 ia

228 1136 366 1185 reniterer
390 1118 652 1202 primogenitus,
674 1114 872 1180 Londonias
887 1116 1042 1192 veniens,
1061 1135 1084 1179 a
1103 1134 1184 1196 rege
1206 1115 1230 1180 J
1233 1134 1345 1179 oaune

228 1187 280 1236 klug
289 1187 352 1226 John.

391 1218 596 1288 militaribus
613 1218 717 1280 armis
735 1216 936 1296 accingitur.
991 1215 1216 1279 Innocentius
1239 1234 1344 1298 papa,

391 1318 511 1382 videns
544 1336 660 1398 regem
691 1316 714 1393 J
718 1334 864 1379 oannem
897 1314 1132 1379 ecclesiastica
1162 1314 1347 1398 disciplina

391 1417 588 1482 nullatenus
617 1415 773 1491 emolliri,
800 1415 939 1496 scripsit
962 1416 1037 1497 regi
1064 1414 1289 1491 Francorum,
1311 1422 1346 1479 et

391 1517 469 1581 aliis
493 1516 703 1599 principibus
731 1509 983 1591 ²contermiuis,
1008 1522 1047 1578 ut
1069 1534 1186 1596 regem
1204 1513 1345 1597 Angliae

390 1617 637 1698 inquietarent,
674 1623 846 1697 quatenns
882 1613 1005 1678 saltem
1047 1633 1109 1696 per
1148 1614 1346 1698 hujusmodi

392 1716 521 1779 fractus
546 1715 747 1778 exercitium
775 1714 923 1795 rigorem
946 1713 1051 1777 animi
1074 1721 1278 1796 conceptum
1298 1733 1349 1777 re

392 1816 556 1891 mitteret,
586 1822 621 1878 et
653 1814 696 1877 ad
731 1814 900 1878 Romanae
931 1813 1085 1878 ecclesiae
1117 1813 1348 1878 obedientiam

392 1915 519 1979 rediret
534 1913 647 1978 taediis
663 1922 699 1978 et
715 1914 885 1995 angustiis
903 1913 1054 1996 undique
1071 1912 1287 1978 molestatus.

444 2015 525 2079 Rex
558 2013 697 2095 quidam
729 2014 991 2090 Saracenorum,
1024 2006 1349 2077 ⁸Meramomelinus

394 2114 520 2191 dictae,
541 2114 627 2177 fines
649 2114 833 2196 Hispaniae
854 2132 931 2177 cum
954 2131 1080 2193 magno
1097 2120 1152 2177 est
1169 2113 1349 2194 ingressus

395 2215 550 2277 exercitu
566 2234 574 2291 ;
600 2226 722 2277 contra
739 2233 841 2295 quem
858 2232 920 2275 rex
940 2211 1116 2289 castellae,
1133 2213 1350 2277 venientibus

395 2315 427 2377 ei
446 2315 480 2377 in
501 2314 710 2397 adjutorium
735 2313 874 2394 regibus
894 2311 1094 2394 Aragonum
1112 2320 1146 2377 et
1166 2312 1350 2389 Navarrae,

394 2413 596 2497 procedens,
632 2413 752 2497 praelio
788 2412 983 2490 commisso,
1017 2413 1155 2477 favente
1186 2412 1350 2490 Domino,

395 2514 576 2578 victoriam
597 2515 745 2578 obtinuit
763 2521 798 2576 et
814 2513 1043 2594 triumphum:
1072 2512 1106 2573 in
1130 2512 1230 2595 cujus
1253 2533 1350 2596 pom·

395 2634 474 2697 pam
498 2635 560 2678 rex
585 2614 785 2695 Aragonum
811 2613 967 2675 lanceam
993 2620 1028 2676 et
1047 2610 1212 2675 vexillum
1236 2612 1353 2677 Mera·

396 2713 568 2776 momelini
602 2715 749 2776 Romam
782 2713 887 2788 misit,
920 2732 998 2794 quae
1030 2730 1140 2792 usque
1176 2708 1280 2773 hodie
1315 2712 1350 2774 iu

396 2812 488 2872 beati
516 2811 613 2873 Petri
639 2811 789 2892 apostoli
812 2810 954 2873 basilica
982 2816 1212 2874 reservantur.
1269 2809 1352 2873 Fer-

395 2909 536 2986 randns,
563 2910 653 2972 filins
679 2911 770 2991 rogis
791 2909 1018 2991 Portugaliae,
1047 2929 1191 2974 uxorem
1216 2909 1353 2993 accepit

396 3010 501 3073 liliam
515 3010 706 3074 Baldewini
725 3010 942 3091 imperatoris
956 3009 1352 3092 Constantinopolitani,

398 3109 570 3174 'Flandriae
589 3111 813 3174 comitissam.

447 3629 619 3692 Sunonrn
645 3631 735 3692 inter
761 3649 876 3710 regem
907 3629 1117 3694 Francorum
1152 3630 1354 3713 Philippum

396 3738 431 3791 et
447 3727 679 3809 Reginaldum
697 3729 853 3793 Boloniae
867 3730 1026 3793 comitem
1042 3730 1223 3807 discordia,
1238 3749 1353 3795 comes

397 3828 439 3889 de
470 3829 569 3890 terris
598 3829 671 3890 suis
698 3828 896 3910 expellitur,
925 3837 961 3893 et
986 3830 1028 3894 de
1057 3850 1163 3911 regno
1196 3831 1353 3895 Franciae

397 3928 604 3991 auctoritate
634 3927 729 4007 regia
759 3927 976 3993 exbannitnr.
1033 3930 1217 4013 Philippus
1246 3930 1352 3995 etiam

434 4128 439 4156 ¹
457 4131 619 4178 ‘Fortelorde
628 4126 641 4189 ς’
655 4131 693 4178 Μ.
705 4135 729 4177 et
742 4131 789 4179 Ar.
886 4133 1065 4181 rumomelinus
1077 4128 1091 4192 ;'
1103 4131 1150 4180 Ar.
1188 4132 1353 4181 Molrammed

431 4199 440 4226 '¹
456 4202 529 4248 ‘cunr
542 4202 654 4248 terminis
664 4195 677 4257 ;'
691 4201 729 4249 Μ.
741 4205 766 4247 et
777 4201 824 4250 Ar.
887 4203 1010 4251 Alnaasir.
1029 4203 1083 4252 'l’he
1093 4201 1171 4251 battle
1178 4202 1238 4252 ltere
1246 4203 1353 4252 alluded

430 4268 440 4296 ³
456 4270 694 4319 ‘llloromomelinns
702 4266 716 4330 3¹
727 4271 777 4320 Ma
786 4274 793 4298 ‘
802 4271 858 4319 ltlo·
884 4278 909 4321 to
922 4288 975 4322 was
986 4273 1040 4321 that
1051 4273 1081 4322 ol
1090 4272 1179 4322 Navae
1187 4272 1220 4322 de
1231 4272 1336 4324 Tolosa.
