2940 4950
572 474 753 525 suranus.
1097 459 1141 522 57

186 646 221 708 in
243 642 507 720 Normanniam,
530 649 699 707 venerunt
722 641 833 706 nuntii
855 641 1073 726 imperatoris
1096 642 1138 706 ad
1154 652 1271 752 mc·

187 765 317 826 regem,
335 750 491 825 petentes
508 762 613 807 unam
629 743 778 806 filiarum
794 743 886 825 regis
910 743 953 808 ad
974 762 1061 826 opus
1078 742 1140 806 filii
1154 754 1272 845 3:3¹3?ss

187 845 254 921 sui,
280 851 315 908 et
342 842 445 906 aliam
470 842 512 905 ad
546 862 633 926 opus
665 842 811 906 Henrici
839 842 936 907 ducis
964 843 1140 908 Saxoniee.

189 943 323 1007 Annuit
341 943 565 1024 petitionibus
583 962 657 1019 rex,
679 942 928 1024 pactionesque
951 963 1056 1026 super
1074 942 1140 1020 his,

189 1044 269 1106 hinc
301 1042 380 1106 inde
413 1043 637 1107 sacramentis
670 1041 848 1124 praestitis,
882 1043 1141 1108 confirmantur.

191 1143 330 1224 Regina
346 1141 525 1219 Alienora,
549 1150 694 1208 evocata
716 1161 738 1205 a
760 1161 853 1223 rege,
878 1144 1029 1207 venitin
1049 1141 1142 1206 Nor·

189 1243 375 1318 manniam,
404 1241 578 1307 adducens
609 1261 725 1305 secum
754 1240 863 1304 filium
892 1262 992 1306 suum
1022 1241 1142 1305 Ricar-

189 1342 282 1418 dum,
300 1342 475 1424 filiamque
496 1340 689 1406 Matildem.
735 1340 910 1404 Henricus
933 1361 1008 1418 rex,
1030 1360 1142 1404 rema·

189 1451 290 1506 nente
304 1443 423 1523 regina
439 1443 474 1504 in
490 1440 717 1515 Normannia‚
734 1440 769 1502 in
782 1439 948 1522 Angliam
961 1441 1142 1517 transiens,

189 1564 267 1607 cum
303 1541 413 1606 multo
444 1550 616 1623 apparatu
648 1539 785 1617 bellico,
807 1532 1004 1606 Walleirses
1033 1541 1143 1604 insur-

190 1649 312 1725 gentes
329 1643 505 1723 repressit.

243 1740 443 1805 Alexander
459 1761 564 1825 papa,
580 1741 776 1825 relinquens
793 1743 974 1818 Senonem,
992 1742 1050 1805 ubi
1067 1740 1142 1825 jam
1157 1750 1274 1843 Ram

191 1842 326 1906 duobus
351 1835 481 1906 ¹fuerat
509 1843 621 1920 anuis,
649 1843 693 1906 ad
725 1843 882 1907 Montem
914 1841 1142 1906 Pessulanum
1157 1852 1219 1902 nu„

193 1942 389 2020 contendit;
425 1941 572 2024 indeque
605 1943 724 2008 navali
747 1941 967 2025 expeditione
990 1942 1144 2024 perrexit

194 2042 239 2103 ad
262 2049 388 2103 terram
410 2042 502 2120 regis
516 2039 642 2104 Siciliae
656 2042 837 2119 Willelmi,
855 2042 910 2105 cui
926 2061 989 2105 nec
1006 2043 1041 2104 in
1058 2042 1145 2104 mari

194 2160 256 2221 per
270 2140 401 2221 piratas
419 2139 636 2221 imperatoris
651 2140 784 2204 insidiae
800 2140 993 2204 defuerunt.
1031 2140 1145 2203 Lodo-

194 2239 283 2313 vico,
305 2238 517 2301 Francorum
540 2238 626 2317 regi,
643 2237 735 2301 filius
761 2239 914 2303 nascitur
934 2258 1051 2301 mense
1070 2237 1144 2301 Au-

194 2345 311 2420 gusto,
326 2330 527 2420 ²Philippus
540 2345 697 2401 vocatus.
742 2336 892 2401 Moritur
907 2330 1145 2414 ³Malcolmus,
1158 2361 1258 2402 unare

196 2440 376 2502 Scotorum
395 2456 470 2513 rex,
488 2436 628 2520 juvenis
645 2436 817 2519 religiosae
833 2435 972 2513 indoliS,
989 2436 1045 2500 cui
1067 2454 1146 2500 suc·
1158 2412 1288 2503 didm

194 2538 298 2602 cessit
316 2536 513 2602 Willelmus
528 2556 713 2618 germanus
730 2536 895 2621 ejusdem.

248 2637 432 2710 Henricus,
455 2655 516 2698 rex
541 2634 691 2717 Angliae,
716 2636 855 2701 directis
877 2636 1147 2701 comminatoriis
1158 2656 1265 2706 moun

195 2738 320 2801 litteris
343 2738 388 2800 ad
416 2736 639 2801 Cistertiense
658 2736 861 2819 capitulum,
886 2738 1024 2800 beatum
1051 2735 1144 2800 Tho·
1158 2708 1308 2799 ‘diiii‘i'c‘ii‘dhe

195 2857 285 2899 mem
305 2856 326 2899 a
340 2835 546 2900 Pontiniaco
563 2837 749 2901 exturbare
765 2836 910 2900 curavit.
950 2835 1032 2918 Ipse
1050 2855 1144 2916 vero,
1157 2809 1299 2899 ‘r'ffl‘d'd

197 2939 321 3000 timens
341 2937 425 2999 viris
449 2937 589 3012 sanctia,
615 2944 738 3018 sponte
758 2937 929 3016 <recessit3
962 2937 1023 2999 sed
1047 2908 1307 3008 candidii&

196 3055 300 3118 quam
317 3035 397 3098 inde
411 3036 687 3118 progrederetur,
703 3036 917 3100 confortatus
935 3042 989 3099 est
1006 3043 1146 3101 ostenso
1158 3009 1299 3125 {ffffi

197 3137 264 3197 sibi
295 3134 433 3197 coelitus
465 3136 605 3212 indicio,
631 3136 723 3217 quod
758 3137 802 3199 ad
835 3134 1015 3199 ecclesiam
1047 3155 1146 3199 suam
1157 3134 1289 3184 ‘unm

195 3234 369 3297 rediturus
395 3242 485 3297 esset
506 3254 583 3299 cum
604 3234 728 3315 gloria,
751 3243 786 3299 et
808 3255 869 3316 per
892 3234 1048 3316 martyrii
1072 3235 1148 3316 pal·

196 3353 287 3396 mam
303 3333 513 3413 migraturus
531 3332 574 3396 ad
597 3332 794 3398 Dominum.
847 3332 1026 3396 Transivit
1040 3334 1148 3414 igitur

196 3434 240 3496 ad
268 3440 423 3496 sanctam
457 3431 673 3509 Columbam,
706 3452 787 3513 rege
819 3432 1031 3495 Francorum
1068 3451 1146 3496 eum

196 3534 392 3596 humaniter
409 3539 594 3608 tractante,
617 3533 702 3597 etin
719 3532 921 3596 necessariis
938 3531 1123 3596 exhibente
1137 3553 1145 3613 3

196 3633 252 3696 oui
269 3633 386 3709 etiam,
404 3632 728 3714 successoribusque
750 3633 821 3695 suis
836 3632 872 3695 in
887 3631 1033 3696 ecclesia
1050 3632 1147 3717 Lug·

196 3733 342 3796 dunensi
358 3733 575 3816 praebendam
592 3740 795 3815 perpetuam
813 3732 1016 3814 assignavit.

234 3944 240 3971 ¹
261 3944 298 3992 Μ.
310 3944 369 3992 here
381 3942 446 3991 adds
457 3943 593 3991 ‘moratum

198 4088 221 4132 a
231 4011 315 4132 quui
329 4014 466 4075 Philippus
477 4018 581 4060 vocatur
591 4005 604 4073 3¹
622 4012 660 4061 M.
721 4005 733 4039 ³
750 4011 945 4072 ‘Malcolinusf
957 4009 1027 4058 D'A.
