2940 4950
572 463 754 511 nauseas.
1081 449 1145 512 187

185 619 363 695 accedere,
385 637 427 682 ac
448 618 555 682 libere
578 619 613 682 in
636 618 794 684 omnibus
818 619 916 703 fungi
939 621 1005 685 sihi
1029 622 1146 685 debita

185 720 369 801 dignitate.
421 717 574 801 Cupiens
591 719 694 783 ctiam
720 728 842 784 contra
863 721 981 785 hostes
998 729 1069 785 tam
1088 722 1146 784 do-
1159 746 1251 784 arena

188 820 350 884 mesticos
385 838 488 901 quam
524 824 711 884 extraneos
744 820 981 884 ecclesiastica
1010 829 1145 903 protec—
1159 797 1293 893 &illle

187 919 283 984 tione
308 919 448 995 muniri,
470 927 678 1001 procurante
702 918 921 1002 Pandulpho,
944 922 1145 1003 apostolicae
1161 897 1266 945 ²¹¹⁸⁹⁰¹³⁹'

187 1019 281 1083 sedis
313 1019 444 1101 legato,
482 1026 594 1083 totum
630 1039 773 1101 regnum
806 1040 906 1084 suum
938 1019 1076 1101 Angliae
1111 1030 1146 1085 ot

190 1118 373 1185 Hiberniae
396 1118 477 1183 nno
498 1126 535 1182 et
551 1119 654 1182 beato
678 1118 784 1183 Petro
807 1120 979 1203 apostolo,
1001 1120 1146 1203 ejusque

189 1219 320 1283 vicario
337 1217 520 1283 catholico
536 1217 740 1283 Innocentio
758 1238 858 1302 papae
878 1221 992 1296 tertio,
1008 1239 1145 1283 succes·

188 1319 396 1401 soribnsqne
424 1317 628 1395 Catholicis,
657 1319 694 1382 in
723 1320 960 1383 remissionem
986 1327 1145 1401 peccato·

189 1436 265 1482 rum
281 1437 423 1482 suorum
439 1418 616 1499 totiusque
633 1420 768 1499 generis
791 1420 857 1495 sui,
880 1418 916 1481 in
938 1418 1031 1482 millo
1054 1438 1145 1481 mar-

189 1517 253 1594 cis,
288 1518 421 1582 scilicet
457 1537 521 1599 pro
561 1517 692 1599 Anglia
731 1519 974 1601 septingentis,
1011 1525 1047 1582 et
1083 1538 1146 1601 pro

190 1614 362 1681 Hibernia
384 1618 547 1682 trecentis
574 1619 755 1682 constitnit
775 1618 946 1694 censuale,
973 1637 1146 1701 superque

189 1716 256 1781 hoc
284 1716 440 1781 chartam
464 1736 563 1781 suam
591 1716 671 1782 fecit
698 1711 947 1801 ¹subscriptum
969 1719 1145 1782 continen-

191 1824 261 1881 tem
280 1824 455 1881 tenorem:

243 1915 425 1981 ‘Joannes
455 1915 527 1980 Dar
562 1917 676 1998 gratia
709 1936 771 1980 rex
805 1916 955 1998 Angliae,
986 1916 1145 1981 dominus
1160 1944 1272 1984 noram

191 2014 385 2093 Hiberniae,
407 2017 480 2080 dux
501 2016 537 2079 N
539 2018 727 2081 ermanniae
749 2024 785 2080 et
801 2015 1013 2098 Aquitaniae,
1031 2038 1145 2082 comes
1160 2001 1310 2085 illidimur.

190 2114 420 2198 Andagaviae,
434 2116 593 2181 omnibus
606 2124 737 2180 sanctae
752 2119 871 2179 matris
888 2117 1042 2181 ecclesiae
1054 2117 1145 2194 filiis,

189 2214 237 2279 ad
259 2234 346 2297 quos
377 2234 530 2299 praesens
557 2217 724 2299 scriptum
748 2216 956 2297 pervenerit,
984 2215 1145 2280 salutem.

192 2314 423 2379 Universitati
449 2324 574 2379 vestrae
602 2324 721 2380 notum
749 2316 822 2380 lieri
851 2315 1023 2392 volumus,
1051 2316 1143 2398 quod

190 2434 270 2479 cum
296 2414 410 2479 niun
439 2422 475 2479 et
498 2423 642 2479 matrem
675 2424 829 2479 nostram
856 2421 1012 2477 sanctam
1040 2416 1148 2479 eccle-

192 2514 281 2579 siam
298 2514 332 2577 in
350 2515 470 2579 multis
492 2515 745 2591 offenderimus,
769 2522 804 2578 et
820 2522 961 2597 propter
983 2515 1047 2579 hoc
1069 2514 1145 2597 plu·

191 2614 317 2677 rimum
351 2614 505 2696 indigere
534 2614 653 2678 divina
684 2614 919 2678 misericordia
952 2633 1145 2692 noscamur,

193 2733 258 2777 nec
272 2712 354 2795 quid
370 2713 473 2795 digne
493 2714 615 2778 offerre
635 2715 805 2797 possimus
827 2735 890 2797 pro
910 2714 1146 2778 satisfactione

193 2813 275 2877 Duo
296 2820 333 2877 et
355 2814 511 2878 ecclesiae
537 2814 655 2877 debita
677 2813 844 2891 facienda,
869 2815 934 2877 nisi
960 2834 1023 2878 nos
1052 2815 1146 2896 ipsos

192 2912 382 2977 habeamus
398 2921 434 2978 et
449 2934 556 2995 regna
572 2922 703 2989 nostra,
719 2914 875 2978 volentes
893 2913 1065 2977 humiliari
1083 2934 1145 2996 pro

195 3012 264 3076 Illo
284 3013 345 3095 qui
366 3032 404 3076 se
426 3013 622 3076 humiliavit
644 3033 706 3095 pro
730 3015 828 3077 nobis
855 3033 965 3095 usque
991 3012 1034 3077 ad
1058 3034 1147 3077 mor-

192 3120 275 3188 tem,
304 3113 418 3193 gratia
448 3112 598 3195 Spiritus
628 3113 748 3176 Sancti
778 3113 979 3193 inspirante,
1013 3133 1081 3176 non
1111 3113 1146 3176 vi

193 3212 325 3276 inducti
341 3212 397 3277 vol
416 3213 538 3276 timore
561 3213 684 3287 coacti,
706 3212 765 3275 sed
790 3220 909 3275 nostra
928 3213 1018 3274 bona
1040 3232 1145 3293 spou-

191 3318 365 3394 taneaque
382 3312 575 3389 voluntate,
595 3312 639 3375 ad
661 3313 828 3394 optimum
847 3310 1027 3373 consilium
1045 3312 1145 3374 baro-

191 3428 276 3473 num
303 3418 511 3488 nostrorum,
534 3411 708 3475 offerimus
736 3417 772 3473 ct
799 3410 904 3472 libere
929 3408 1146 3473 concedimus

193 3508 275 3573 Dao
298 3518 332 3575 et
350 3510 482 3574 sanctis
505 3511 673 3594 apostolis
696 3510 767 3573 suis
791 3509 897 3573 Petro
920 3515 955 3571 et
971 3507 1095 3585 Paulo,
1112 3519 1147 3574 et

191 3616 324 3673 sanctae
353 3610 522 3674 Romanae
543 3611 697 3675 ecclesiae
727 3609 828 3672 matri
856 3617 996 3685 nostrae,
1023 3628 1064 3672 ac
1086 3610 1147 3673 do-

193 3709 287 3773 mino
303 3718 422 3774 nostro
437 3729 537 3793 papae
556 3710 772 3785 Innocentio,
795 3708 940 3792 ejusque
957 3708 1147 3773 Catholicis

191 3808 460 3886 successorihus
486 3803 616 3874 ²totum
647 3828 790 3890 regnum
811 3807 949 3889 Angliae
975 3816 1011 3872 et
1036 3817 1146 3872 totum

231 3978 446 4044 '‘subscriptum
467 3989 578 4033 tenorem
600 4000 659 4034 con·
718 3982 844 4033 '‘totum
875 3999 980 4047 regnum
1014 3985 1148 4046 Angliae;’

191 4053 340 4112 tinentem3'
357 4054 397 4103 M.
412 4058 436 4102 et
447 4054 510 4103 Aa:
527 4070 559 4103 an
577 4056 659 4103 inrer·
683 4054 787 4102 omitted
806 4055 832 4101 in
853 4056 901 4115 lu„
924 4055 970 4102 but
991 4054 1102 4103 inserted
1121 4055 1147 4101 in

193 4123 249 4171 aion
257 4136 318 4184 very
329 4137 443 4173 common
451 4125 477 4172 in
488 4124 559 4173 these
572 4125 659 4184 MSS„
685 4124 727 4173 the
739 4124 837 4185 margin
848 4124 877 4172 ot
885 4124 932 4172 Ar.

192 4192 239 4241 but
257 4193 342 4243 which
361 4208 402 4243 we
423 4194 488 4243 have
510 4195 556 4244 but
575 4194 658 4255 rarely

192 4261 303 4311 uodced.
