2940 4950
380 448 447 513 266
736 461 807 508 mc.
823 456 972 506 umvcm
1091 492 1094 496 .

381 619 432 683 ito
460 616 567 680 fluvio
592 615 700 700 juxta
728 614 893 697 oppidum
925 614 1017 698 quud
1048 614 1176 681 dicitur
1207 608 1340 692 ¹Glivc‚

383 717 474 781 viem
500 715 617 780 comiti
639 734 762 779 versus
783 714 903 791 filium,
922 715 982 797 qui
1001 722 1077 780 erut
1099 716 1136 778 in
1156 726 1275 780 cestro
1297 716 1339 778 de

383 815 634 892 Kenilworthe,
650 808 797 896 'filiique
817 813 860 878 ad
882 823 1028 896 patrem,
1051 833 1129 879 cum
1152 834 1218 879 suo
1239 834 1338 879 exer·

381 917 453 980 citu
479 914 683 979 interclusit.
730 913 773 976 In
797 914 950 978 crastino
973 933 1054 978 vero
1080 915 1339 998 appropinque-

383 1016 434 1079 vit
448 1014 576 1097 oppido
594 1011 811 1077 Eveshamiae
827 1032 871 1077 ex
888 1020 987 1095 purte
1002 1032 1084 1090 uua,
1099 1022 1339 1097 veneruntque

376 1134 427 1181 ex
455 1113 590 1179 duabus
616 1112 774 1196 partibus
799 1111 879 1176 eliis
900 1131 1014 1177 comes
1038 1111 1240 1178 Gloverniae
1260 1132 1339 1177 cum

384 1213 458 1277 acie
485 1231 561 1290 suu,
582 1219 618 1276 et
645 1211 806 1293 cherus
829 1211 873 1276 de
897 1211 1146 1277 Mortuo-meri
1174 1231 1254 1277 cum
1277 1231 1342 1276 sua

385 1321 509 1390 turma,
537 1313 589 1377 itu
620 1317 659 1375 ut
689 1330 804 1376 comes
840 1310 1039 1376 leicestriae
1071 1312 1226 1395 undique
1259 1330 1341 1376 con-

385 1411 503 1476 clusus
521 1430 662 1476 necesse
681 1410 840 1475 hebuerit
862 1410 973 1475 velue
993 1418 1184 1494 spontanee
1204 1411 1342 1489 (ledere,

284 1546 319 1574 ιο
386 1512 440 1576 vel
470 1531 547 1575 cum
577 1510 654 1575 istis
684 1509 805 1593 praelio
835 1509 1020 1574 decertare.
1077 1504 1202 1575 'Ferit
1231 1511 1342 1593 igitur

224 1597 281 1677 mm
320 1613 340 1673 0'
386 1619 500 1688 sexta,
535 1629 615 1692 quae
649 1611 747 1674 nonis
779 1607 933 1692 Augusti
963 1610 1123 1692 contigit,
1153 1617 1342 1675 occurrunt

320 1696 337 1774 ¹1
387 1710 453 1773 sibi
481 1710 583 1774 ambo
616 1710 790 1773 exercitus
822 1710 857 1772 in
887 1727 1011 1792 cumpo
1042 1718 1144 1774 extra
1175 1710 1341 1794 oppidum

387 1809 554 1891 spatioso,
581 1809 640 1872 ubi
662 1808 869 1891 gravissimo
893 1816 1054 1874 conserto
1086 1808 1207 1893 praelic
1233 1810 1342 1893 coepit

387 1927 469 1992 pars
498 1908 634 1972 comitis
663 1908 894 1984 succumbere,
926 1909 999 1990 qui,
1020 1917 1215 1990 aggravato
1237 1928 1345 1992 super

387 2027 464 2072 eum
494 2008 644 2091 pondere
669 2006 790 2090 praelii,
818 2006 945 2071 ibidem
974 2007 1100 2073 cecidit
1129 2008 1344 2073 interfectus.

389 2106 596 2172 Ceciderunt
624 2108 659 2170 in
682 2126 724 2171 ee
750 2126 869 2189 pugne
893 2105 1021 2171 milites
1046 2107 1230 2172 vexilliferi
1256 2108 1344 2173 duo·

390 2206 511 2283 decim,
535 2205 696 2271 videlicet
722 2206 898 2271 Henricue
927 2205 1019 2271 filius
1042 2206 1131 2291 ejus,
1154 2205 1283 2272 Petrus
1301 2208 1344 2273 (le

391 2306 621 2381 Monteforti,
654 2305 763 2388 Hugo
795 2306 838 2371 de
871 2305 1107 2389 Dispensariie
1130 2306 1344 2391 Justitiarius

389 2404 541 2488 Angliae,
564 2405 761 2469 Willelmus
784 2405 827 2470 de
854 2404 1105 2482 Maundevilla,
1134 2404 1345 2490 Redulphus

390 2505 551 2583 Basseth,
578 2505 757 2569 Walterus
784 2505 827 2569 de
854 2504 1051 2588 Grepynge,
1075 2504 1273 2570 willelmus
1300 2505 1344 2571 de

390 2604 559 2681 Eburum,
600 2605 775 2669 Robertus
812 2604 855 2668 de
887 2599 1078 2686 ‘Treggom
1116 2605 1271 2669 Thomas
1302 2605 1345 2670 de

390 2702 551 2778 Hostele,
583 2702 738 2768 Joannes
774 2705 817 2767 de
849 2698 1117 2787 ⁵Bellccempo,
1148 2703 1266 2769 Guido
1301 2706 1344 2769 dc

391 2803 553 2879 Balliolo,
578 2801 739 2884 Rogerus
765 2802 808 2866 de
835 2803 989 2881 Rculcs3
1025 2803 1085 2867 alii
1113 2823 1251 2887 quoquc
1279 2806 1344 2868 mi-

392 2903 484 2965 noris
512 2900 640 2983 gradus
666 2904 702 2965 in
728 2903 949 2966 multitudine
974 2922 1114 2985 magne,
1136 2922 1214 2967 cum
1238 2905 1345 2968 scuti·

392 3002 539 3065 ferorum
581 3008 617 3064 et
653 3002 821 3085 peditum,
857 3009 893 3065 et
928 3005 1079 3068 maxime
1117 3001 1345 3080 Gellensium,

392 3120 533 3164 numero
566 3103 757 3165 excessivo.
809 3101 1012 3179 Edwardus,
1034 3104 1166 3186 potitus
1188 3104 1347 3179 victorie,

393 3200 570 3265 monachis
595 3199 687 3264 illius
710 3200 776 3264 lcci
802 3211 883 3283 post
908 3201 1064 3284 praelium
1090 3203 1282 3279 mandavit,
1309 3211 1347 3267 ut

394 3321 540 3385 corpora
562 3302 814 3377 defunctorum,
838 3308 873 3364 et
889 3302 1064 3385 praecipue
1083 3303 1266 3387 majorum,
1291 3304 1347 3366 de·

393 3410 510 3466 center
536 3401 670 3465 humari
696 3407 866 3464 curarent.
919 3400 1085 3466 interfuit
1112 3410 1228 3466 autem
1248 3396 1346 3485 ‘per-

393 3502 558 3565 sonaliter
579 3501 736 3583 exequiis
760 3499 906 3563 Henrici
927 3500 971 3564 de
994 3500 1225 3580 Monte-forti,
1243 3521 1346 3584 quem

392 3610 493 3682 pater
514 3602 590 3683 ejus
613 3620 673 3663 rex
698 3599 740 3663 dc
762 3599 857 3663 fonte
880 3618 980 3663 sacro
1007 3600 1197 3678 levaverat,
1218 3604 1346 3685 etipse

392 3719 507 3762 secum
532 3701 698 3764 nutritum
727 3718 749 3762 e
777 3718 885 3781 puero
906 3699 1123 3764 familiariter
1148 3701 1345 3782 dilexerat3

392 3800 492 3883 cujus
509 3799 612 3862 eliam
630 3799 742 3863 funeri
760 3798 887 3862 dicitur
904 3798 1076 3884 lacrymas
1094 3800 1318 3883 impendisse.

427 4023 434 4052 ¹
453 4021 571 4085 ‘Olive3'
583 4027 623 4074 M.
915 4024 926 4054 ⁶
941 4022 1160 4089 ‘Campo-bello?
1171 4023 1241 4079 M.

426 4093 437 4125 ³
453 4096 578 4156 ‘filiisque
588 4092 602 4157 ;'
615 4097 654 4144 M.

427 4164 436 4191 ³
452 4168 459 4192 ‘
471 4166 545 4214 Feria
557 4181 616 4214 vero
627 4168 701 4215 terfiu
713 4162 727 4227 ;’
740 4168 778 4215 M.
917 4164 928 4196 ⁶
943 4167 1006 4215 This
1016 4166 1088 4216 ¹word
1099 4167 1123 4217 iu
1133 4166 1195 4217 frum
1210 4167 1272 4220 An:
1289 4170 1350 4220 cm.

426 4233 435 4264 ⁴
453 4235 564 4296 ‘Tregur
574 4231 589 4294 ;‘
601 4230 669 4284 Μ.
884 4237 949 4299 Reg.
961 4236 1008 4286 hu
1018 4238 1026 4266 ⁴
1036 4234 1229 4300 principaliter!
