2940 4950
580 474 763 523 annuens.
1074 457 1140 523 381

186 632 325 715 liquias,
347 652 415 696 non
440 632 514 695 sine
534 632 673 713 superni
694 631 785 696 dono
809 632 969 709 numiniS,
993 650 1136 694 conver·

186 752 265 796 sum
295 733 431 796 exstitit
459 730 501 794 ad
533 730 612 795 fidei
639 730 830 795 Catholicae
859 733 1038 795 unitatem.
1092 730 1138 793 Et

187 831 338 917 qualiter
369 833 472 895 etiam
504 831 658 912 antiquis
693 831 904 911 temporibus
944 831 1139 894 Eboracen-

187 932 237 995 sis
256 930 545 1012 archiepiscopus,
564 930 623 1012 qui
647 937 730 993 tunc
754 940 841 1005 erat,
866 938 960 994 mota
982 950 1043 1012 per
1060 949 1138 993 eum

188 1050 295 1113 super
330 1030 410 1114 jure
457 1028 722 1112 metropolitano
761 1028 929 1092 adversus
975 1028 1139 1111 praelatos

189 1131 316 1194 Scotiae
338 1130 541 1212 quaestione,
571 1149 633 1212 pro
654 1147 692 1192 se
717 1129 910 1210 nequiverit
931 1129 1137 1192 sententiam

190 1230 356 1294 obtinere.

241 1330 311 1392 His
337 1327 523 1411 propositis
551 1328 684 1391 monuit
711 1347 825 1409 regern
859 1326 1018 1391 dominus
1048 1347 1140 1410 papa
1154 1362 1279 1412 mm».

192 1448 254 1511 per
269 1429 404 1492 litteras
419 1447 513 1504 suaa,
530 1427 621 1509 quod
638 1427 830 1509 episcopos,
844 1428 987 1491 abbates
1001 1427 1140 1504 electos,
1154 1413 1286 1505 will?

193 1536 228 1593 et
248 1547 366 1592 ornnes
382 1527 469 1591 alios
491 1527 587 1609 regni
603 1527 742 1605 Scotiae,
762 1547 850 1609 quos
870 1527 1045 1591 detinebat
1061 1546 1142 1610 cap·

193 1627 285 1692 tirus
300 1629 335 1690 in
351 1646 498 1703 carcere,
514 1626 619 1690 libere
641 1627 736 1691 abire
754 1626 979 1710 permitteret,
997 1635 1032 1691 et
1047 1626 1141 1708 quod

192 1725 355 1792 officiales
378 1745 460 1791 suos
486 1725 529 1789 de
553 1746 659 1807 regno
682 1726 809 1791 Scotiae
832 1735 1021 1791 memorato
1045 1745 1144 1789 revo-

193 1835 301 1903 caret,
324 1845 411 1909 quos
435 1826 469 1888 in
495 1825 745 1909 praejudicium,
771 1825 945 1910 injuriam,
974 1834 1009 1889 et
1035 1845 1143 1907 grave

192 1926 393 1990 scandalum
420 1924 570 1988 fidelium
596 1924 812 2007 populorum,
831 1932 866 1988 et
885 1926 1142 2006 oppressionem

186 2025 375 2111 justorum,
409 2025 444 2088 in
473 2024 566 2088 dicto
596 2043 703 2105 regno
734 2031 906 2089 statuerat
937 2030 973 2087 et
1005 2024 1141 2088 ordina·

193 2134 304 2203 verat,
338 2126 388 2189 ita
415 2123 506 2207 quod
547 2123 722 2205 acceptior
752 2131 787 2187 et
829 2123 1014 2204 gratiosior
1046 2123 1144 2187 fieret

195 2226 288 2302 Dn0,
316 2232 352 2288 et
380 2224 533 2287 savorem
565 2222 767 2305 apostolicae
799 2221 890 2285 sedis
917 2223 953 2285 in
981 2221 1047 2286 hoc
1077 2222 1144 2285 sibi

193 2324 387 2407 acquireret
409 2322 564 2406 plenius:
591 2323 673 2386 etsi
693 2323 727 2385 in
747 2320 865 2385 eodem
880 2340 985 2403 regno
1004 2321 1142 2398 Scotiae,

193 2423 250 2488 vel
270 2423 388 2506 eliqua
413 2422 489 2506 ejus
512 2429 623 2505 parte,
640 2421 701 2505 jus
724 2420 862 2503 aliquod
888 2441 925 2484 se
945 2421 1070 2484 habere
1088 2440 1144 2484 as-

193 2508 336 2600 sereret,
367 2541 428 2605 per
457 2529 698 2604 procuratores
733 2528 767 2584 et
801 2521 939 2584 nuntios
970 2539 1065 2596 suos,
1100 2520 1144 2582 ad

196 2622 262 2687 hoc
283 2620 480 2705 specialiter
493 2621 714 2697 constitutos,
734 2640 811 2683 cum
832 2620 971 2703 juribus
992 2626 1028 2683 et
1055 2612 1144 2683 ¹mo·

196 2722 369 2786 numentis
402 2720 599 2804 hujusmodi
630 2720 807 2800 negotium
849 2720 1069 2801 tangentibus
1100 2719 1144 2783 ad

195 2820 311 2886 sedern
338 2819 565 2901 apostolicam
599 2819 799 2894 destinaret,
830 2839 934 2901 super
956 2820 1144 2903 praemissis

196 2920 309 3003 plenae
337 2918 625 3001 complementum
647 2918 796 3002 justitiae
821 2927 1033 3003 recepturus.

247 3019 328 3105 Rex
357 3018 557 3101 apostolicis
589 3018 726 3095 litteris,
760 3038 805 3081 ex
837 3019 1025 3084 deliberato
1054 3019 1145 3102 apud

197 3119 410 3183 Lincolniam
434 3126 626 3182 convocato
644 3117 801 3193 concilio,
827 3138 888 3200 pro
905 3119 984 3202 jure
1006 3139 1069 3183 sno
1086 3119 1145 3182 de·

196 3218 373 3295 clarando,
388 3217 539 3282 litteram
556 3216 660 3300 hujus
678 3217 806 3280 tenoris
825 3218 1019 3299 rescripsit:

246 3311 275 3352 ²‘
290 3317 491 3381 Altissimus
506 3318 680 3398 inspector
696 3310 901 3396 ³[cordium]
917 3324 1043 3380 nostrae
1061 3316 1146 3379 scri·
1160 3351 1266 3390 ms,

198 3418 257 3481 nio
279 3418 452 3481 memoriae
469 3415 643 3480 indelebili
654 3415 746 3498 stylo
770 3416 867 3479 novit
882 3414 1034 3492 inscribi,
1054 3415 1144 3497 quod
1159 3402 1309 3497 lssl'lam‘'‘'

197 3524 433 3582 antecessores
467 3524 501 3579 et
528 3516 765 3597 progenitores
798 3515 920 3591 nostri,
949 3534 1048 3597 reges
1072 3500 1287 3598 An·{1¹l‘,'¹}„‘ss„r.

197 3616 290 3698 gliae,
317 3616 396 3699 jure
423 3615 610 3696 superioris
635 3623 671 3679 et
696 3614 817 3678 directi
846 3614 987 3678 dominii
1013 3617 1056 3679 ab
1084 3600 1266 3690 αη-ἓῗὲἴιξξα,

198 3715 400 3799 tiquissimis
435 3722 527 3777 retro
558 3716 770 3796 temporibus
801 3735 909 3796 regno
940 3714 1078 3792 Scotiae,
1113 3723 1148 3778 et

234 3926 240 3955 ¹
259 3916 457 3980 ‘munimentis3’
466 3921 504 3969 Μ.
520 3919 582 3968 This
590 3919 659 3968 word
672 3914 675 4015 J
686 3920 730 3972 Ar.
742 3924 801 3980 22⁰,
814 3924 839 3979 7,
852 3920 965 3970 andCot.
974 3922 1029 3969 «Μ.
1042 3921 1077 3970 D.
1094 3921 1145 3969 Ac·

198 3993 221 4043 is
239 3993 287 4043 leit
308 3994 386 4044 blank
408 3992 435 4039 in
455 3989 503 4039 Ar.
522 3994 588 4049 22⁰;
615 3990 789 4050 but-cording
806 3994 832 4037 to
849 3989 958 4052 Tanner,
980 3990 1147 4050 Bibliotheca,

197 4064 266 4112 filled
286 4080 322 4126 up
342 4065 375 4125 by
391 4061 587 4121 ‘munimentis’
598 4059 659 4109 lrorn
686 4058 736 4106 this
747 4073 847 4107 answer
863 4074 918 4108 was
932 4059 1056 4120 compiled
1068 4060 1146 4120 byG.

196 4132 278 4182 Wels.
687 4127 837 4190 Rishunger.
873 4130 921 4178 See
935 4130 983 4177 sub
994 4143 1064 4177 voce.

232 4200 243 4233 ¹
259 4204 308 4252 see
319 4198 370 4246 this
384 4199 409 4246 in
422 4201 524 4260 llymer,
536 4200 564 4248 ii.
575 4203 625 4248 559
636 4204 661 4247 et
721 4196 732 4226 ⁸
747 4198 809 4246 This
823 4197 891 4245 word
907 4198 929 4244 is
946 4197 1009 4245 from
1029 4199 1103 4259 Rym.
1119 4198 1147 4246 ii.

197 4287 262 4335 aeq,
277 4269 411 4330 compared
428 4268 489 4317 with
507 4276 558 4317 two
576 4268 661 4330 Mss,
685 4272 742 4316 550.
