2940 4950
175 1313 221 1352 'l'be
228 1313 288 1352 Boot·

175 1374 211 1402 aro
218 1362 322 1410 defeated,

175 1414 213 1452 bnt
223 1413 292 1452 Brucc

176 1473 269 1512 cmpos.

178 2997 264 3037 Brucc's

177 3049 262 3087 brothor

176 3099 218 3137 und
227 3099 288 3136 other

176 3149 270 3197 captives

178 3208 214 3237 ue
223 3201 271 3237 sent

175 3259 200 3297 pr
209 3256 282 3286 sonere

176 3302 198 3336 to
207 3296 302 3337 Berwlclt

175 3351 198 3387 to
207 3349 232 3388 bc
241 3347 303 3387 tried.

176 3594 300 3633 Treutmsut

176 3644 200 3681 ot
206 3644 243 3682 the
251 3645 312 3684 other

175 3695 275 3743 captivos.

338 429 405 492 410
706 443 943 493 monstrari

340 622 409 667 non
427 602 482 667 die
502 601 575 680 illo,
595 601 657 665 sed
677 600 712 663 in
729 600 893 675 crastino,
908 598 1100 662 dimicaret.
1152 596 1299 663 Subtra-

339 702 443 767 hante
453 721 536 766 vero
553 721 591 765 se
608 700 764 764 Roberto
778 718 855 763 cnm
873 699 947 762 suis
961 696 1006 760 ad
1024 697 1175 779 spatium
1193 698 1298 761 unius

338 795 514 878 milliarii,¹
535 807 570 865 et
594 820 632 863 se
659 800 798 863 reficere
820 798 971 875 volente,
994 797 1298 880 appropinquanto

339 900 425 965 hora
453 899 650 982 vespertina
676 897 883 981 Aymericus
908 915 987 960 cum
1019 896 1092 959 suis
1120 895 1298 977 egreditur

339 1001 495 1076 armatis,
521 1006 557 1062 et
587 997 703 1062 subito
734 997 981 1080 superveniens
1013 994 1141 1070 Scotis,
1168 994 1296 1059 multos

338 1100 484 1181 peremit
505 1099 674 1177 inermcs;
697 1096 753 1160 cui
778 1115 857 1160 cum
879 1093 1081 1176 aliquandiu
1105 1093 1295 1170 liebertus,

338 1198 513 1280 ceterique
534 1198 593 1280 qui
619 1215 657 1259 se
680 1214 759 1259 cum
782 1194 958 1259 celeritate
981 1199 1214 1268 armaverant,
1243 1213 1297 1256 rc-

338 1298 522 1372 stitissent,
546 1295 685 1361 tandem
712 1294 981 1376 praevalentibus
998 1291 1158 1373 Anglicis
1174 1291 1294 1372 fugero

338 1402 421 1459 sunt
442 1395 576 1473 coacti;
609 1412 696 1476 qnos
718 1394 895 1456 insecutus
917 1411 995 1455 cnm
1028 1392 1100 1454 suis
1125 1392 1293 1473 usquein

337 1495 487 1559 insulam
510 1495 553 1558 de
582 1486 743 1576 ²Kintyr,
762 1498 913 1557 castrum
940 1490 1046 1568 illius,
1072 1497 1201 1572 putans
1223 1489 1295 1554 Ro·

337 1594 473 1658 bertum
496 1612 534 1657 se
556 1593 728 1674 recepisse
749 1592 787 1655 in
808 1611 861 1668 eo,
884 1591 1027 1656 obsedit.
1081 1589 1293 1672 Expugnato

337 1699 454 1755 tamen
470 1699 596 1767 castro,
614 1711 683 1756 non
704 1710 784 1755 eum
804 1690 948 1767 invenit,
963 1689 1045 1771 quia
1061 1690 1105 1753 ad
1120 1697 1294 1753 extremas

338 1792 489 1872 regionis
507 1791 645 1872 fingeret
661 1790 814 1868 insulas3
838 1789 899 1853 sed
917 1808 1074 1866 uxorem,
1094 1807 1135 1853 ac
1153 1788 1293 1853 fratrem

336 1909 437 1953 sunm
449 1889 641 1972 Nigellum,
657 1910 735 1953 cum
751 1889 829 1952 aliis
843 1888 1061 1972 quibusdam,
1075 1906 1164 1970 quos
1175 1906 1293 1952 omnes

337 2008 448 2071 nsque
473 1990 688 2054 Bcrewicnm
709 1988 833 2053 deduci
850 1988 941 2052 fecit.
994 1987 1129 2069 Captus
1153 1994 1294 2051 estnon

337 2088 452 2152 multo
463 2095 543 2171 post
560 2107 676 2153 comes
692 2089 735 2152 de
751 2086 869 2164 Athel,
887 2088 947 2169 qui
962 2086 1005 2150 de
1025 2094 1140 2151 castro
1155 2085 1294 2168 ingerat

338 2188 523 2252 antedicto.
586 2187 690 2253 Circa
720 2188 845 2251 festum
870 2185 904 2249 S.
924 2186 1108 2250 Michaelis
1134 2205 1294 2249 reversus

337 2294 391 2351 est
407 2288 582 2351 Robertus
605 2306 716 2370 nsque
741 2286 883 2369 Kintyr,
899 2293 935 2350 et
952 2284 1105 2349 Henrico
1121 2284 1164 2348 de
1180 2284 1295 2368 Percy

337 2387 373 2449 in
405 2388 601 2469 propinquo
630 2385 813 2450 exsistenti
840 2385 1096 2468 superveniens,
1125 2384 1295 2466 quosdam

337 2485 380 2549 de
407 2485 538 2550 familia
566 2486 642 2568 ejus
666 2484 804 2562 occidit,
832 2502 1009 2568 equosque
1034 2483 1231 2548 dextrarios
1258 2492 1295 2549 et

338 2584 408 2647 alia
437 2586 549 2667 spolia
572 2585 683 2648 multa
709 2585 823 2666 cepit;
845 2585 1027 2667 ipsumque
1044 2583 1235 2647 Henricum
1256 2584 1294 2646 in

339 2692 453 2748 castro
470 2685 537 2748 loci
555 2684 709 2767 ejusdem
728 2683 873 2760 obsedit,
890 2703 1070 2765 quousque
1094 2685 1215 2747 robore
1231 2702 1295 2746 cx-

339 2785 467 2847 ercitus
485 2803 507 2846 a
524 2804 605 2865 rege
629 2785 747 2860 misso,
764 2783 976 2847 obsidionem
999 2783 1172 2847 dimittere
1192 2801 1296 2864 coge·

339 2890 446 2945 retur.

391 2981 471 3044 Rex
495 2979 587 3062 apud
604 2975 833 3045 ³Lanercoste
850 2981 957 3064 juxta
980 2980 1183 3045 Karleolum
1201 3000 1295 3045 com·

340 3098 491 3155 morans,
522 3080 617 3144 misit
648 3082 860 3145 Berewicum
892 3081 1112 3163 justitiarios,
1146 3101 1293 3163 quorum

335 3177 468 3261 judicio
493 3179 656 3261 Nigellus
682 3182 724 3245 de
751 3182 855 3256 BruS,
877 3200 918 3243 ac
942 3181 1002 3262 qni
1028 3200 1105 3243 cum
1132 3200 1173 3244 eo
1200 3182 1294 3263 capti

341 3277 491 3358 fuerant,
510 3280 613 3344 tracti
635 3289 729 3358 sunt,
745 3288 781 3344 et
797 3280 968 3363 suspensi,
986 3287 1021 3343 et
1035 3281 1158 3343 ultimo
1179 3279 1293 3344 decol-

340 3377 414 3442 lati.
468 3379 623 3443 Uxorem
648 3401 730 3444 vero
754 3380 899 3444 Roberti
920 3379 962 3442 de
986 3380 1077 3442 Brus
1100 3379 1293 3441 transmisit

339 3477 375 3540 in
393 3476 569 3560 Angliam,
586 3479 713 3562 jubens
742 3499 818 3543 cam
839 3480 947 3562 juxta
964 3487 1092 3543 statum
1119 3498 1220 3541 sunm
1237 3478 1294 3541 dc-

340 3586 457 3640 center
485 3578 640 3642 tractari.
694 3578 862 3642 Comitem
892 3598 974 3641 vero
1002 3579 1044 3640 dc
1074 3575 1193 3653 Athel,
1216 3578 1291 3660 jam

339 3676 490 3739 secundo
504 3685 624 3741 contra
636 3678 838 3741 fidelitatem
854 3697 952 3740 suam
968 3675 1040 3758 regi
1056 3677 1291 3753 rebellantem,

339 3776 432 3838 misit
461 3775 682 3855 Londonias;
719 3778 775 3840 ubi
801 3778 847 3840 ad
876 3784 1011 3857 tempus
1038 3777 1102 3838 sub
1134 3775 1293 3839 custodia

373 3995 380 4023 ¹
397 3999 437 4047 M.
456 3998 521 4046 adds
541 3999 583 4046 the
605 4014 704 4061 reason,
724 4002 802 4049 ‘nam
863 3997 874 4029 ²
891 4001 961 4048 Here
972 4000 1023 4049 aud
1034 3999 1125 4062 below,
1136 3999 1294 4050 Anwdbas

336 4066 367 4131 (i.
375 4084 398 4118 e.
410 4082 466 4129 nou,
478 4067 563 4131 Hall,)
575 4072 641 4118 enim
663 4071 804 4120 sufficiebat
827 4072 835 4098 ‘
848 4066 957 4120 Kentir.’

336 4151 399 4197 gens
410 4152 458 4186 sua
470 4143 498 4186 ut
508 4139 594 4187 villam
607 4141 752 4191 obsideret.’
864 4139 875 4171 ³
891 4141 953 4188 This
967 4140 1038 4188 word
1056 4140 1079 4188 is
1097 4139 1160 4188 from
1175 4138 1223 4189 Ar.
1235 4144 1293 4189 22⁰.

831 4212 892 4259 Cod.
905 4212 969 4271 Reg.
981 4210 1056 4258 reads
1067 4211 1075 4238 ⁸
1086 4206 1273 4259 Lnnderecost.’
1374 4216 1378 4225 “
