2948 4942
424 449 490 513 370
789 461 1025 509 utcrmvurr

428 643 528 705 reges
550 623 688 705 utrique
717 622 1053 713 nuntios-solemnes
1081 639 1160 684 cum
1188 619 1292 703 plena
1318 639 1381 703 po·

429 729 556 787 testate
578 721 621 785 ad
653 722 848 785 Romanam
878 722 1020 796 curiam,
1046 727 1087 783 ut
1109 739 1171 801 per
1199 720 1382 784 mediatio·

431 842 509 885 nem
538 821 731 902 apostolici,
756 840 824 885 non
852 828 1018 903 tanquam
1041 819 1181 902 judiciS,
1203 799 1264 883 sed
1294 820 1383 882 ami·

431 921 551 986 cabilis
566 921 818 1002 compositoris,
836 920 1001 983 discussis
1019 920 1180 1000 negotiis,
1202 937 1275 1001 pax
1292 920 1386 983 inter

432 1041 531 1102 reges
548 1028 583 1084 et
600 1020 783 1084 concordia
800 1014 1052 1083 ¹rcsormentur.

269 1133 395 1173 sultuna
484 1121 658 1184 Suscitata
678 1127 730 1183 est
755 1127 834 1202 post
856 1118 930 1182 haec
952 1117 1044 1201 apud
1065 1116 1274 1181 Gandavum
1294 1118 1386 1182 sedi·

270 1183 416 1224 Gbentottbe
1000 1218 1007 1231 ,
1152 1218 1158 1231 ,

270 1233 366 1273 ueni-h
433 1220 482 1283 tio
509 1240 569 1302 per
592 1218 681 1283 lilios
707 1220 842 1282 comitis
866 1218 1041 1282 Flandriae
1063 1225 1099 1280 et
1126 1217 1275 1281 villanos
1304 1238 1385 1282 con·

269 1283 400 1384 mn.
435 1327 489 1383 tra
511 1317 700 1399 Anglicos3
726 1312 890 1400 'quornm
920 1318 1003 1382 villa
1024 1337 1087 1400 per
1108 1315 1306 1381 Walleuses
1330 1318 1385 1381 in·

434 1437 539 1482 censa
566 1419 698 1495 suisset,
721 1419 788 1482 nisi
816 1438 877 1482 rex
904 1424 1104 1482 accurrente
1141 1415 1185 1479 ad
1220 1436 1299 1481 eum
1325 1437 1385 1481 co·

270 1519 517 1620 ¹{p>sooeoeffl1ppmite
553 1519 719 1600 impetum
759 1518 967 1600 impedisset.
1042 1515 1166 1580 Comes
1196 1516 1385 1581 Warennae

403 1608 408 1619 ’
433 1616 551 1680 custos
577 1617 703 1681 Scotiae
729 1636 771 1681 ac
793 1618 936 1682 comites
960 1616 1032 1694 alii,
1053 1615 1160 1700 juxta
1181 1616 1385 1680 mandatum

433 1717 566 1796 regium
598 1716 793 1780 Eboracum
824 1717 1078 1793 convenientes,
1112 1714 1149 1779 in
1177 1717 1313 1779 octavis
1347 1716 1385 1782 S.

434 1814 575 1892 Hilarii,
597 1815 773 1898 publicata
801 1816 1059 1880 confirmatione
1082 1815 1280 1879 chartarum
1305 1816 1388 1880 arti·

433 1914 657 1998 colorumque
699 1915 926 1998 adjectorum,
964 1934 1083 1980 versus
1118 1915 1271 1979 Scotiam
1305 1935 1387 1998 pro·

433 2022 621 2079 cesserunt.
688 2014 844 2099 Majores
878 2014 1059 2079 Scotorum
1088 2014 1283 2079 Eboracum
1316 2034 1387 2078 non

433 2115 610 2179 venientes
633 2115 818 2180 secundum
838 2115 1055 2180 vocationem
1073 2115 1214 2196 regiam,
1235 2133 1274 2178 se
1297 2113 1389 2179 inira

436 2221 536 2278 terrae
559 2234 631 2278 suae
655 2217 818 2279 terminos
841 2222 1038 2279 tennerunt.
1089 2212 1287 2278 Willelmus
1304 2214 1389 2280 Wa-

434 2313 498 2377 leis
519 2321 670 2378 castrum
693 2314 735 2377 de
758 2313 1003 2397 Rokcsburgia
1023 2313 1099 2397 jam
1121 2312 1241 2377 diebus
1266 2315 1388 2378 multis

437 2415 630 2490 obsederat,
662 2412 723 2476 sed
757 2413 875 2477 audito
907 2414 1059 2478 adventu
1091 2410 1319 2494 Anglicorum
1352 2415 1388 2478 iu

437 2513 655 2576 multitudino
679 2531 806 2594 magna
834 2511 980 2594 diffugit.
1032 2512 1185 2578 Comites
1208 2514 1390 2578 venientes

439 2611 729 2693 Roltesburgiam,
757 2611 888 2675 munito
912 2620 1026 2676 castro
1052 2632 1093 2676 ac
1115 2612 1304 2676 consolatis
1326 2614 1388 2677 ob-

437 2713 554 2788 sessis,
581 2712 728 2792 digressi
762 2720 843 2775 sunt
874 2731 985 2794 usque
1010 2705 1203 2791 ³Kelston3
1242 2720 1279 2776 et
1310 2713 1389 2777 iude

438 2812 565 2873 reversi
589 2818 672 2874 sunt
699 2831 809 2892 usque
835 2811 1058 2887 Romuleum,
1082 2830 1185 2893 quam
1206 2812 1285 2895 jam
1308 2811 1389 2876 Sco-

438 2910 483 2971 tis
511 2927 657 2973 vacuam
683 2911 898 2974 invenerunt.
951 2911 1111 2992 Dumque
1137 2910 1183 2972 ibi
1210 2931 1389 2976 moraren-

438 3014 506 3084 tur,
543 3007 721 3072 mandavit
752 3010 802 3072 eis
835 3027 898 3073 rex
931 3010 974 3073 de
998 3009 1128 3091 treugis
1153 3012 1307 3091 acceptis
1331 3006 1390 3076 ⁴et

438 3106 551 3170 reditu
563 3127 627 3171 suo
646 3107 760 3184 celeri,
769 3109 898 3193 jubens
915 3129 958 3173 ne
976 3117 1056 3173 ante
1071 3108 1258 3173 adventum
1275 3129 1390 3188 suum,

439 3215 586 3288 excepta
614 3210 841 3290 occupatione
871 3209 1049 3287 Berewici,
1077 3208 1207 3291 aliquid
1233 3227 1305 3290 quo
1329 3229 1390 3292 pa·

440 3316 552 3371 terent
584 3308 771 3371 discrimini
803 3315 1023 3372 attentarent.
1093 3307 1255 3371 Remissa
1284 3309 1393 3389 igitur

439 3408 563 3490 majori
593 3417 691 3489 parte
723 3408 908 3482 exercitus,
937 3414 971 3471 et
1001 3408 1144 3471 retentis
1171 3407 1231 3489 qui
1256 3408 1302 3470 ad
1332 3408 1392 3472 de·

439 3509 625 3570 tentionem
655 3506 748 3569 villae
769 3513 911 3588 possent
938 3505 1104 3583 sufficere,
1130 3506 1321 3570 adventum
1342 3528 1392 3572 re

439 3607 531 3686 gium
556 3608 817 3688 exspectabant.
871 3605 974 3670 Circa
1001 3606 1204 3690 principium
1230 3605 1394 3684 Quadra·

438 3705 578 3786 gesimae
601 3704 776 3770 Robertus
798 3705 840 3768 de
863 3704 1018 3783 Clifford,
1035 3725 1113 3770 cum
1131 3705 1184 3768 bis
1207 3707 1268 3788 qui
1291 3715 1393 3771 erant

473 3960 479 3990 ¹
498 3956 686 4020 ‘reformaturi
704 3960 787 4009 MSS.
963 3955 972 3986 ⁴
987 3959 1030 4007 ‘in
1041 3957 1125 4008 reditu
1137 3973 1193 4021 suo,
1204 3958 1285 4008 celari
1296 3962 1394 4023 jubens

470 4030 481 4060 ¹
499 4034 614 4082 ‘scilicet
624 4032 785 4092 villanorum,
795 4043 844 4077 uon
855 4043 901 4077 au·
925 4033 983 4077 ante
994 4029 1130 4077 adventum
1144 4042 1219 4077 tuum
1232 4037 1341 4092 accepta
1351 4046 1394 4080 oc·

436 4109 486 4152 tem
495 4096 900 4164 Anglorum,'sayoll‘llcberius.
925 4099 1059 4159 copatione
1079 4093 1232 4158 uerewiei?
1247 4094 1319 4150 ΠΛ.
1351 4101 1394 4149 ln·

473 4171 548 4222 ¹i.e.
570 4173 658 4221 lieleo.
694 4164 835 4231 ‘Kelson3’
853 4171 900 4218 Ar.
926 4168 997 4216 stead
1020 4168 1050 4217 of
1064 4164 1189 4231 ‘jubens,'
1206 4165 1256 4218 Ar.
1275 4173 1326 4219 ²20
1345 4170 1393 4220 bu

435 4248 460 4291 et
470 4241 518 4291 Ar.
530 4245 588 4290 220.
924 4239 932 4265 ‘
943 4237 1080 4287 inhibens!
