2940 4950
571 381 754 431 susanna.
1077 366 1142 431 145

185 540 304 624 itaque
329 559 371 605 ea
398 538 454 604 die
484 538 571 603 adeo
596 539 676 622 jugi
707 546 857 603 vexatus
883 546 936 603 est
962 538 1140 615 exercitio,

185 648 224 705 ut
241 640 331 705 cutis
347 641 480 704 dexuae
499 639 665 702 vibrantis
682 638 835 721 gladium
850 646 1076 722 rumperetur.

237 739 377 804 Interea
392 739 505 803 factus
522 745 576 802 est
592 737 722 802 clamor
738 757 883 820 magnus
907 758 929 803 a
946 738 1033 803 facie
1048 738 1137 802 Tur·
1152 752 1279 844 {mc

186 858 319 915 corum,
336 839 411 923 jam
428 838 546 902 villam
564 836 587 900 J
590 857 680 920 oppe
703 839 860 902 certatim
884 840 1138 921 occupantium.
1246 831 1251 842 '

188 937 269 1016 Quo
291 938 421 1014 audito,
445 956 506 1002 rex
530 956 608 1000 cum
632 936 851 1002 multitudine
871 938 1139 1015 balistariorum,

188 1038 362 1120 equitibus
385 1044 518 1102 tautum
543 1037 678 1100 duobus
698 1056 776 1100 eum
798 1038 1055 1114 comitantibus,
1080 1058 1137 1103 ac·

187 1139 315 1216 currit3
340 1146 375 1202 et
391 1137 426 1200 in
439 1137 517 1219 ipsa
533 1136 665 1218 ¹platea
680 1135 767 1199 duos
783 1135 917 1200 Turcos
934 1137 999 1201 sibi
1017 1139 1138 1203 obvios

187 1236 362 1321 dejiciens,
378 1255 486 1320 equos
500 1236 587 1300 duos
600 1234 790 1299 lucrifecit:
815 1236 1030 1319 repulsisque
1046 1237 1137 1301 Tur·

187 1337 249 1414 cis,
274 1337 452 1401 mandavit
477 1354 652 1399 murorum
675 1335 869 1419 interrupta
891 1337 1058 1418 reparari,
1079 1338 1138 1401 ad-

187 1435 307 1500 hibens
327 1436 489 1500 custodes
510 1435 569 1518 qui
592 1435 768 1500 civitatem
789 1435 1002 1500 custodirent
1021 1437 1066 1499 ab
1087 1436 1137 1500 in·

185 1537 344 1601 cursioue
359 1535 562 1601 Turcorum.
616 1534 751 1600 Deinde
774 1535 817 1598 ad
840 1535 938 1599 littus
956 1536 1060 1599 maris
1082 1554 1138 1600 ac·

186 1636 322 1709 cedens,
347 1636 512 1719 plurimos
535 1634 594 1720 qui
617 1635 653 1698 in
678 1635 787 1716 galeis
811 1634 929 1716 lugam
957 1636 1139 1700 tentabant

186 1735 429 1800 efficacissimis
453 1735 567 1800 verbis
589 1735 633 1799 ad
656 1734 813 1817 praelium
840 1736 1035 1813 revocavlt;
1059 1755 1137 1799 cum

185 1837 310 1916 quibus
336 1836 379 1899 ad
407 1836 519 1900 locum
548 1854 674 1916 puguae
705 1834 795 1898 unde
825 1833 999 1916 digressus
1026 1835 1139 1900 luerat

186 1936 340 2010 veniens,
362 1934 573 1998 ferocissimo
599 1935 730 2016 impetu
760 1935 796 1997 in
822 1933 1014 1998 Turcorum
1038 1935 1138 1998 dimi·

189 2034 341 2097 cantium
365 2052 402 2096 se
424 2034 560 2096 turbam
583 2033 738 2114 ingessit,
762 2033 822 2115 qui
847 2053 962 2114 regem
988 2034 1138 2117 undique

187 2132 499 2206 circumvallantes,
517 2133 568 2195 ita
582 2139 804 2214 utnusquam
823 2132 996 2197 videretur
1013 2153 1035 2196 a
1054 2134 1138 2209 suis,

187 2233 404 2296 conabantur
425 2231 628 2315 opprimere.
678 2229 725 2295 At
746 2230 805 2293 ille
829 2238 927 2294 tauta
953 2232 1139 2296 vivacitate

186 2332 223 2394 in
258 2332 319 2395 illa
350 2331 543 2395 Turcorum
574 2330 793 2394 multitudine
825 2348 864 2393 se
895 2331 1022 2412 agebat
1045 2339 1140 2395 trans

188 2450 295 2495 ausus
317 2431 506 2507 hominum,
529 2438 567 2495 ut
585 2430 627 2494 ad
648 2429 777 2493 nullius
800 2448 929 2512 pavens
947 2449 1140 2506 occursum,

187 2530 304 2595 hostes
326 2531 619 2595 transverberaret
638 2529 789 2611 undique
811 2530 990 2594 irruentes.
1043 2529 1141 2595 Inter

188 2650 276 2714 quos
291 2630 508 2694 admiralium
525 2629 696 2713 quendam
714 2623 856 2695 ²ceteris
868 2630 1138 2708 eminentiorem,

189 2737 225 2794 et
241 2731 368 2812 insigni
389 2728 569 2794 cultiorem
590 2738 774 2812 apparatu,
792 2730 893 2794 unico
914 2729 974 2793 sed
992 2730 1140 2794 admira·

188 2829 250 2893 bili
273 2830 413 2894 vulnere
434 2829 625 2908 interfecit3
651 2830 710 2914 qui
737 2848 815 2892 cum
841 2829 928 2893 alios
956 2829 1052 2894 velut
1080 2831 1139 2894 de-

189 2929 280 2992 sides
312 2930 531 3011 redargueuS,
560 2947 650 3011 equo
681 2928 819 2992 sublimi
854 2940 986 3006 vectus,
1018 2929 1140 3012 rapido

189 3047 293 3093 cursu
326 3029 448 3092 obvius
477 3027 552 3108 regi
584 3027 776 3111 dejiciendo
805 3029 969 3104 venisset,
997 3030 1141 3093 irruenti

189 3127 428 3208 multipliciter
460 3132 594 3190 armato
627 3145 689 3190 rex
724 3126 877 3207 gladium
908 3135 984 3191 tota
1012 3129 1141 3192 virtute

190 3225 370 3309 objiciens,
393 3233 499 3307 caput
520 3244 598 3288 cum
623 3225 768 3307 scapula
794 3225 918 3289 dextra
944 3233 979 3290 et
1001 3226 1141 3291 brachio

189 3325 396 3407 amputavit.
449 3323 529 3402 Quo
547 3324 634 3400 viso,
656 3324 761 3388 ceteri
779 3323 885 3387 Turci
904 3325 993 3389 viam
1014 3326 1142 3407 spatio-

190 3444 263 3489 sam
290 3424 463 3499 cedeutes,
489 3443 511 3488 a
541 3423 645 3505 louge
669 3424 817 3505 sagittas
846 3431 881 3487 et
908 3423 980 3505 pila
1007 3432 1141 3489 tantum

190 3526 225 3589 in
243 3525 355 3608 ipsum
372 3524 528 3588 emittere
543 3525 761 3606 satagebant.
805 3523 915 3605 Regis
931 3523 1050 3608 itaque
1067 3544 1143 3590 cor·

191 3644 257 3707 pus
279 3625 545 3707 circumquaque
568 3616 734 3688 ³0bsitum
758 3623 837 3706 pilis
860 3624 1074 3689 creberrimis
1091 3626 1143 3688 in-

191 3723 285 3800 fixis,
304 3724 395 3788 sicut
409 3723 532 3788 ericius
548 3723 696 3803 aculeis;
720 3724 878 3788 similiter
891 3731 926 3788 et
940 3744 1050 3809 equus
1068 3725 1143 3809 ejus

191 3823 330 3904 sagittis
347 3823 557 3887 haerentibus
578 3823 613 3886 in
637 3824 712 3907 ejus
735 3823 885 3906 phaleris
908 3823 1069 3889 horrebat
1091 3825 1144 3887 in·

190 3923 353 3986 numeris.
418 3922 476 3986 Sic
511 3923 608 3986 miles
645 3923 794 3986 eximius
829 3942 1007 4005 regressus
1038 3929 1092 3986 est
1122 3941 1145 3985 a

230 4103 237 4133 ¹
256 4102 378 4168 ‘planias
390 4107 443 4156 M:
459 4103 598 4168 ‘palacia;'
609 4107 657 4156 Ar.
716 4103 728 4137 ⁸
743 4108 869 4156 ‘obsitum
881 4107 914 4154 sit
921 4101 935 4166 ;'
948 4106 985 4154 Μ.
997 4109 1022 4153 et
1031 4104 1079 4153 Ar.

227 4173 239 4206 ²
256 4177 304 4226 ‘ex
314 4177 406 4226 Turcis
417 4172 431 4237 ς’
445 4177 483 4226 M.
492 4181 517 4225 et
528 4177 576 4226 Ar.

977 4264 998 4310 la
