2940 4950
573 465 754 514 asuerus.
1075 453 1141 517 315

187 621 394 705 Babyloniae
411 622 558 704 capitur,
583 623 700 705 quiin
725 642 767 686 ea
789 623 899 687 multa
922 624 1180 689 Christiano-¹
1123 638 1180 726 -ιξ
1195 640 1242 727 ‘¹¹1¹
1230 636 1273 678 ⁰¹

186 740 265 785 rum
293 721 400 785 millia
425 722 621 786 trucidavit.
667 721 723 784 Ex
755 722 855 806 cujus
878 724 1039 807 captione
1065 732 1136 788 ter·
1187 688 1229 737 ⁹⁰¹

186 821 246 884 riti
272 820 472 897 Christiani,
502 821 562 904 qui
583 823 714 885 erant
705 842 741 884 ln
771 821 909 898 Acbon,
938 842 959 886 a
985 822 1136 888 Soldano

185 920 344 984 inducias
365 920 552 1002 impetrant
574 921 762 985 biennales
815 921 940 985 Comes
959 921 1137 987 Eadmun·

176 1018 254 1115 ‘dus
280 1018 475 1096 Cornubiae,
499 1020 554 1084 cui
582 1039 645 1083 rex
671 1019 811 1101 Angliae
837 1021 872 1084 in
891 1040 956 1085 sua
979 1023 1138 1088 absentia

185 1119 287 1200 regni
313 1119 531 1184 commiserat
556 1119 761 1196 custodiam,
785 1137 949 1201 magnum
977 1120 1072 1185 ducit
1100 1122 1136 1186 in

185 1216 352 1282 Walliam
370 1218 559 1282 exercitum
577 1226 698 1282 contra
719 1218 862 1283 Resum.
915 1218 1003 1282 Cum
1020 1229 1136 1285 autem

186 1325 339 1381 castrum
365 1317 408 1381 de
434 1311 637 1394 'Druselam
657 1318 748 1399 quod
777 1326 852 1382 erat
881 1318 978 1394 Resi,
1001 1319 1136 1382 obside-

187 1424 254 1492 ret,
278 1424 313 1480 et
335 1436 452 1481 muros
476 1417 551 1500 ejus
577 1417 700 1480 suffodi
725 1417 866 1494 faceret,
893 1436 975 1481 casu
999 1417 1136 1483 illorum

188 1515 305 1579 subito
327 1515 380 1579 vir
402 1516 539 1593 nobilis,
564 1516 760 1581 Willeimus
785 1517 828 1580 de
851 1516 1136 1595 Monte-Canisii,

188 1613 318 1696 aliique
342 1615 468 1678 milites
485 1616 623 1697 plurimi
652 1623 687 1679 et
708 1615 863 1680 scutiferi
884 1617 1134 1698 opprimuntur.

187 1712 271 1778 Hoc
302 1732 392 1777 anno
422 1714 571 1795 armiger
599 1714 750 1796 quidam,
768 1713 944 1780 Robertus
975 1714 1135 1779 Camera-

186 1814 273 1888 rius,
287 1832 364 1876 cum
382 1812 620 1895 complicibus,
632 1813 780 1899 tentoria
796 1823 1023 1879 mercatorum
1042 1815 1134 1897 apud

187 1920 347 1976 sanctum
364 1912 543 1977 Botulsum
561 1912 758 1988 incendens,
778 1911 902 1977 diffuso
926 1916 1018 1995 igne,
1037 1934 1135 1996 mag-

187 2031 271 2076 nam
284 2019 418 2094 partem
432 2011 524 2076 villae
544 2018 580 2076 et
599 2012 778 2076 ecclesiam
795 2011 941 2075 fratrum
958 2011 1135 2077 Praedica-

187 2120 303 2176 torum
331 2111 541 2189 combussit3
572 2110 722 2193 dumque
747 2118 954 2174 mercatores
980 2132 1044 2194 pro
1066 2113 1136 2175 sal·

188 2210 312 2275 vandis
343 2210 513 2275 mercibus
539 2210 612 2273 suis
637 2217 672 2273 et
698 2209 933 2291 extinguendo
965 2212 1045 2291 igne
1067 2210 1136 2273 dis-

187 2317 378 2387 currerent,
403 2329 465 2391 per
491 2309 622 2373 dictum
653 2310 861 2390 armigerum
888 2317 924 2373 et
950 2328 1032 2374 suos
1061 2316 1134 2373 tru-

186 2408 359 2485 cidantur,
392 2409 490 2473 bonis
530 2428 648 2473 eorum
685 2407 837 2490 direptis.
907 2410 989 2473 Fuit
1019 2418 1136 2473 autem

188 2508 256 2573 boc
277 2527 368 2572 anno
390 2508 426 2570 in
457 2506 588 2589 Anglia
618 2514 719 2571 tanta
746 2507 884 2589 frugum
912 2509 1135 2585 abundantia,

187 2615 230 2672 ut
253 2607 466 2689 quarterium
490 2606 653 2670 frumenti
682 2607 808 2671 alicubi
832 2627 894 2689 pro
917 2607 1052 2687 viginti,
1071 2608 1135 2671 ali-

187 2706 268 2772 cubi
296 2725 359 2789 pro
381 2706 568 2784 sexdecim,
593 2705 718 2770 alicubi
741 2725 804 2789 pro
830 2706 1008 2770 duodecim
1034 2707 1138 2771 dena·

187 2806 250 2871 riis
272 2805 485 2869 venderetur.

211 3018 344 3058 croac.
446 3019 681 3056 naourroauua.
787 3021 939 3056 raluooaou
979 3021 1118 3056 luotoaou

200 3105 359 3144 uccuxnx.
402 3106 502 3142 siccasi
514 3106 549 3143 ιν.
619 3106 727 3143 atrurn
758 3014 940 3215 'aurumne
978 3107 1096 3142 aowrsor
1110 3107 1128 3142 1.

461 3166 487 3212 t.
659 3167 698 3212 17.
854 3167 880 3211 4.
1029 3167 1068 3212 17.

961 3228 1136 3239 ——---

233 3304 417 3381 Canauna,
442 3304 602 3386 princeps
624 3301 780 3379 Achaiae,
809 3302 958 3366 Romam
983 3303 1136 3379 veniens,
1149 3317 1226 3415 apr·
1234 3317 1258 3356 or

187 3424 251 3487 per
273 3422 399 3486 papam
424 3403 610 3468 Nicolaum
634 3422 655 3465 a
676 3403 874 3486 juramento
903 3402 976 3482 regi
998 3399 1135 3482 Arago·
1148 3416 1236 3456 <1⁸¹
1236 3415 1273 3465 iu

189 3523 271 3567 num
302 3503 457 3586 praestito
488 3503 692 3577 absolvitur,
729 3509 764 3565 et
795 3500 831 3563 in
864 3520 924 3581 reg
926 3520 978 3564 em
1010 3500 1135 3564 Siciliae

189 3608 386 3667 coronatur.
456 3601 554 3665 inter
584 3600 607 3665 J
610 3602 754 3664 acobum
778 3607 1019 3682 occupatorem
1049 3598 1136 3664 Sici·

188 3701 245 3765 liae
265 3708 300 3765 et
322 3701 482 3764 comitem
504 3698 767 3764 Atrebatensem
791 3699 971 3762 firmantur
991 3699 1137 3764 induciae

189 3799 379 3864 biennales.
433 3799 513 3863 Rex
530 3797 682 3880 singlis,
707 3799 749 3862 de
769 3797 947 3863 Vasconis
966 3817 1138 3875 reversus,

190 3898 381 3963 Londoniis
407 3898 606 3962 solemniter
631 3897 795 3978 recipitur
817 3898 908 3961 circa
930 3897 1056 3961 festum
1071 3894 1139 3959 As·

189 3997 394 4080 sumptionis
421 3996 578 4078 Virginis
604 3996 785 4078 gloriosoe3
819 3998 879 4077 qui
902 3995 925 4057 J
928 3995 1045 4058 udaeos
1067 4013 1139 4057 om-

537 4233 545 4267 ¹
564 4235 722 4286 ‘Drusseleu
730 4229 745 4294 ;’
757 4234 795 4282 M.
