2940 4950
571 457 755 507 eunucus.
1079 440 1146 505 285

187 608 327 694 Angliae
358 613 601 695 quamplurimi
629 614 664 676 iu
690 613 857 675 descensu
892 614 1059 677 montium
1084 633 1142 677 oc·

186 721 376 777 currerunt.
444 712 610 777 Transita
633 732 714 776 vero
742 712 917 775 Sabuudia
948 714 991 776 ad
1023 713 1141 777 ludum
1157 729 1302 768 Toumnment

186 812 385 889 militarem,
410 814 470 895 qui
487 813 594 894 vulgo
618 812 901 876 Torniumentum
925 812 1062 890 dicitur,
1082 834 1142 895 per
1157 780 1287 869 illidii·

187 904 478 976 ¹Kabilonensem
513 912 674 977 comitem
719 912 897 978 invitatur.
965 906 1143 994 'optabat
1156 885 1281 1019 ῗιῖῗῖἑῗῖῐι

184 1010 244 1075 ille
274 1031 388 1076 comes
418 1031 497 1075 cnm
530 1012 648 1075 multis
683 1011 760 1074 aliis
793 1011 949 1075 militiam
980 982 1217 1076 Edwardiffl‘k
1241 991 1261 1030 ⁸'

187 1130 292 1193 opere
309 1112 471 1194 experiri,
487 1111 587 1196 cujus
606 1110 680 1194 jam
704 1110 797 1174 sama
814 1110 1006 1193 repleverat
1024 1114 1142 1176 orbem

187 1218 312 1277 totum.
353 1211 510 1290 Quorum
527 1212 619 1275 votis
644 1211 919 1274 condescendens
937 1211 1142 1289 Edwardus,

186 1329 322 1375 secum
342 1311 508 1375 militibus
525 1312 610 1388 suis,
632 1311 713 1375 licet
737 1311 843 1390 longa
864 1311 1141 1393 peregrinatione

188 1409 341 1487 vexatis,
364 1417 498 1493 partem
522 1419 639 1475 tenere
668 1408 757 1474 velle
783 1418 904 1473 contra
925 1410 1084 1475 comitem
1107 1420 1143 1475 et

187 1528 272 1575 snos
293 1509 499 1592 proclamari
520 1510 612 1587 lecit,
641 1529 682 1574 ac
709 1528 944 1592 quoscumque
968 1511 1055 1574 alios
1077 1512 1141 1574 mi-

187 1609 270 1674 lites
297 1604 553 1675 ’adventantes
609 1610 677 1673 Die
702 1609 820 1691 itaque
846 1617 979 1675 statuto
1001 1630 1142 1693 congre-

189 1708 335 1774 diuntur
364 1717 494 1793 partes,
520 1709 713 1792 gladiisque
744 1709 779 1772 in
811 1710 1015 1775 alterutrum
1049 1710 1142 1793 iuge·

187 1809 360 1874 minantes
375 1810 478 1885 ictus,
495 1810 585 1874 vires
603 1828 686 1873 suas
702 1819 877 1874 exercent.
923 1809 1048 1875 Comes
1059 1830 1142 1875 vero

187 1928 335 1973 cuneum
360 1908 522 1973 Edwardi
549 1917 746 1991 penetrans,
777 1928 854 1972 cum
883 1910 960 1991 ipso
985 1911 1141 1974 cominus

188 2009 423 2091 congreditur,
450 2009 506 2073 cui
531 2008 669 2073 tandem
698 2008 835 2092 abjecto
860 2009 976 2090 gladio
998 2004 1140 2093 ⁴appro-

187 2107 301 2192 pians,
327 2108 454 2173 collum
477 2107 640 2172 Edwardi
666 2107 807 2171 brachio
841 2109 1081 2185 circumduxit,
1105 2118 1141 2173 et

188 2215 267 2274 totu
293 2207 496 2274 fortitudine
526 2208 746 2289 adstringens
778 2209 822 2270 ab
844 2227 933 2289 equo
961 2207 1140 2272 detrahere

185 2308 389 2373 conabatur.
441 2307 509 2372 Sed
528 2307 719 2371 Edwardns
736 2300 1006 2387 ⁶[inllexibiliter
1029 2327 1067 2369 se
1090 2316 1138 2371 te·
1155 2326 1245 2365 maer

187 2426 274 2471 nens
301 2414 465 2485 erectum,
493 2407 574 2471 dum
598 2406 756 2471 comitem
785 2407 851 2470 sibi
878 2408 986 2470 sensit
1008 2386 1277 2470 firminsl'le‘billll

187 2506 451 2589 adhaerentem]
478 2526 604 2590 equum
627 2506 783 2587 urgendo
806 2505 1012 2583 calcaribus,
1033 2506 1139 2570 comi-

187 2613 261 2671 tem
278 2626 301 2671 a
316 2607 404 2671 sella
420 2605 605 2684 abstraxit,
622 2625 723 2688 quem
741 2606 784 2669 ad
799 2606 924 2670 collum
941 2626 1041 2670 suum
1059 2626 1140 2689 pen·

187 2706 327 2771 dentem
350 2707 511 2771 sortinsa
534 2725 573 2770 se
590 2707 781 2781 excutiens,
800 2707 835 2770 in
858 2713 984 2770 terram
1003 2706 1138 2790 dejecit.

190 2805 460 2871 Commoventur
497 2806 622 2870 exinde
658 2800 943 2888 ⁶Burgundiones
973 2807 1009 2872 in
1040 2808 1152 2883 iram,

188 2904 348 2992 (jamque
370 2906 571 2970 exercitium
596 2924 768 2970 armorum
790 2907 826 2970 in
849 2906 1008 2971 hostilem
1034 2907 1141 2970 insul-

189 3014 275 3083 tum,
307 3014 511 3091 coeptnsque
537 3006 637 3071 ludus
671 3006 830 3070 bellicum
853 3006 999 3071 vertitur
1025 3007 1059 3072 in
1088 3014 1142 3069 tu·

188 3103 368 3191 multum)
383 3125 541 3189 qnorum,
560 3106 707 3170 adversa
725 3114 822 3189 parte
844 3114 882 3170 ut
900 3107 993 3171 vices
1008 3100 1144 3189 'repen-

188 3204 252 3269 dat
268 3204 392 3271 sortins
412 3205 605 3284 insistente,
624 3206 797 3287 frangitur
815 3206 976 3286 impetnS,
995 3207 1144 3287 caesique

190 3304 330 3371 cedunt.
397 3298 578 3370 ⁸Postbaec
613 3305 753 3388 paulum
787 3304 997 3368 refocillatus
1030 3324 1144 3368 comes
1157 3326 1234 3373 wne,

1156 3377 1233 3416 second
1242 3376 1295 3414 tlme

189 3404 402 3470 Edwardum
431 3406 593 3470 secundo
605 3404 816 3487 aggreditur,
847 3403 947 3486 cnjus
976 3422 1081 3485 super
1105 3423 1263 3515 staffilem

189 3522 331 3571 manum
360 3505 512 3570 sentiens
546 3503 733 3588 aggravari
763 3497 911 3567 ⁹dedidit
940 3522 978 3567 se
1012 3503 1141 3582 eidem;
1156 3526 1280 3616 mar·

1156 3637 1228 3676 young
1236 3625 1297 3674 king.

225 3743 234 3778 ¹
250 3745 489 3805 ‘Kabilnneusem’
500 3739 569 3794 n’l.
579 3761 586 3793 r
597 3759 655 3806 pro-
715 3739 725 3771 ⁶
741 3742 795 3791 The
811 3744 898 3791 clause
918 3744 1008 3793 within
1027 3744 1145 3794 brackets

170 3866 175 3875 ,
189 3816 261 3879 perly
273 3818 281 3847 ⁶
291 3816 502 3867 catalaunensem
510 3810 525 3863 ε’
535 3814 654 3864 i.e.Cha·
680 3813 702 3861 is
714 3813 818 3862 omitted
831 3814 857 3861 in
868 3812 915 3863 Ar.

189 3886 255 3937 lons.
716 3878 727 3908 ⁶
741 3883 968 3946 ‘llurgnndiensos
977 3878 993 3943 ς’
1004 3882 1051 3934 Ar.
1063 3890 1121 3935 220.

223 3968 458 4032 ’‘Optabatenim
470 3970 526 4031 ipse
542 3984 626 4019 comes
638 3970 655 4029 ;'
714 3947 725 4047 Ξ
741 3948 919 4014 ‘felessdffllt’
932 3950 1002 4001 D'A·
1069 4017 1077 4038 ,

188 4040 266 4092 ΜΛ
276 4039 324 4089 A„
744 4024 826 4071 ‘Post
848 4021 895 4070 boc
917 4022 1069 4083 paululum
1098 4023 1144 4072 Ar.

224 4136 432 4187 ⁸‘advcnlenl08
441 4134 458 4195 ξ’
470 4137 509 4186 Μ.
518 4142 542 4186 el
553 4138 600 4186 Ar.
680 4096 786 4209 229⁴ae
804 4160 875 4209 dedit
888 4155 902 4219 ς’
919 4161 974 4209 Μἰ
994 4155 1143 4219 ademtae?

225 4232 237 4264 ⁴
252 4232 438 4295 ‘approprians
446 4227 461 4292 ς’
481 4232 542 4281 (ἶσα.
553 4232 618 4293 Reg.
679 4230 794 4280 datto.
