2940 4950
175 1146 263 1187 comen
271 1145 296 1184 ot

176 1197 303 1287 ἕξω

699 463 773 512 mc.
788 462 936 511 'l'lllvll'l'l

1121 646 1263 683 neowan!

1065 758 1073 772 .
1106 735 1214 772 nauale!
1231 738 1272 774 lll.

387 919 578 990 ¹Casuauu
602 925 766 989 Dovoriee
786 924 958 988 redditum
977 931 1031 988 est
1047 923 1234 1004 Edwardo,
1258 929 1294 991 iu

335 1025 426 1108 quod
461 1025 656 1089 Guidouem
686 1023 728 1088 de
763 1023 986 1088 Monte-forti
1016 1023 1197 1090 transtulit
1228 1029 1294 1091 sub

335 1125 494 1188 custodia
509 1123 742 1188 detinendum.
783 1122 981 1187 Ottobouus
998 1122 1150 1204 legatus,
1165 1134 1294 1190 vocato

335 1223 482 1288 concilio
504 1223 596 1306 apud
625 1222 963 1305 Northamptouiam,
993 1225 1202 1288 sententiam
1232 1245 1295 1288 ex·

336 1322 654 1388 communicationis
671 1322 752 1386 tulit
773 1320 809 1384 iu
828 1341 948 1387 omues
970 1322 1154 1405 episcopos
1172 1330 1210 1387 et
1226 1324 1293 1388 cle-

336 1424 439 1500 ricos,
464 1424 524 1506 qui
546 1420 664 1486 comiti
691 1421 834 1504 Symoni
863 1428 986 1485 contra
1008 1440 1126 1503 regem
1154 1426 1293 1505 praesti·

336 1530 451 1586 terant
478 1522 646 1586 auxilium
671 1529 732 1584 aut
755 1520 932 1601 favorem3
965 1528 1002 1585 et
1027 1522 1233 1586 nominatim
1255 1525 1292 1588 in

335 1619 358 1684 J
362 1640 507 1684 oannem
531 1620 818 1697 wintoniensem,
841 1619 1037 1684 Walterum
1068 1620 1293 1703 Wigornien-

335 1739 420 1796 sem,
432 1720 623 1784 Henricum
642 1719 929 1796 Loudoniensem,
946 1718 1160 1801 Stephanum
1173 1720 1293 1786 Cices-

336 1827 501 1898 trensem3
525 1820 567 1883 de
585 1820 711 1902 quibus
723 1813 999 1901 'wigorniensis
1016 1819 1086 1883 cito
1108 1828 1190 1902 post
1207 1823 1295 1888 obiit

335 1910 453 1982 ³sexto
479 1938 589 1982 nonas
618 1915 810 1996 Februarii,
838 1919 894 1982 cui
919 1918 1088 1983 Nicolaus
1110 1919 1154 1983 de
1185 1920 1294 2005 Hely,

334 2018 561 2082 cancellarius
587 2019 691 2100 regie,
712 2019 890 2082 successit.
945 2017 1087 2101 Reliqui
1113 2039 1196 2084 vero
1221 2028 1294 2086 tres

334 2119 472 2199 praesati
488 2118 654 2200 episcopi,
673 2116 823 2182 Romam
842 2117 1021 2195 adeuntes,
1038 2117 1168 2182 domini
1190 2139 1293 2203 papae

333 2219 481 2299 gratiam
517 2219 760 2300 expectabant.
821 2216 951 2282 Eadem
982 2219 1086 2282 etiam
1118 2223 1294 2285 sententia

334 2326 466 2382 ceteros
496 2336 652 2400 quosque
676 2318 750 2399 regi
778 2316 1004 2381 adversantes
1031 2317 1168 2399 publice
1191 2320 1293 2384 inno-

337 2416 448 2497 davit3
478 2417 525 2480 ibi
550 2418 655 2481 etiam
680 2416 936 2481 concessionem
965 2416 1094 2481 domini
1120 2437 1223 2502 papae
1249 2420 1293 2485 de

336 2517 468 2581 decima
496 2516 650 2580 ecclesiae
678 2515 882 2599 Angliceuae
910 2515 1077 2580 solvenda
1103 2519 1178 2599 regi
1208 2513 1294 2602 ⁴per

336 2636 464 2680 annum
489 2625 688 2699 sequentem
719 2617 879 2699 proximo
909 2615 1108 2699 publicavit.
1162 2616 1293 2684 Custos

336 2714 507 2780 Gnidonis
530 2717 573 2780 de
595 2716 814 2780 Montesorti
839 2717 874 2779 in
896 2723 1012 2780 castro
1036 2717 1202 2781 Dovoriae
1218 2738 1292 2783 cor-
1356 2696 1375 2720 ⁴

336 2823 470 2898 ruptus,
484 2816 598 2898 ipsum
620 2824 700 2898 post
717 2815 854 2880 Pascha
870 2814 1015 2879 liberum
1033 2816 1175 2893 dimisit,
1198 2837 1294 2884 mare

336 2915 507 2979 transiens
541 2935 618 2979 cum
651 2915 783 2982 eodem.
835 2914 952 2979 Guido
984 2923 1102 2997 partes
1135 2911 1292 2982 ‘Tusciae

335 3014 467 3089 adiens,
502 3017 619 3079 comiti
657 3014 753 3079 Ruso
787 3015 958 3095 adhaesit;
999 3015 1100 3100 cujus
1137 3034 1217 3080 cum
1255 3020 1291 3082 iu

335 3115 457 3178 militia
489 3115 640 3179 famosus
669 3123 772 3191 esset,
797 3134 940 3179 uxorem
968 3116 1103 3197 accepit
1127 3115 1234 3180 liliam
1256 3125 1292 3182 et

334 3213 505 3278 heredem.
556 3207 686 3297 Symon
711 3233 791 3278 vero
813 3214 918 3278 irater
942 3215 1018 3299 ejus
1044 3216 1160 3279 senior
1186 3218 1292 3299 paulo

334 3321 427 3391 aute,
456 3323 609 3397 tempore
641 3313 955 3395 Quadragesimali,
984 3313 1027 3376 de
1053 3333 1191 3378 carcere
1213 3336 1292 3381 eva·

334 3413 417 3475 deus
451 3414 638 3495 transfugit
668 3415 704 3476 iu
735 3406 901 3477 ⁶Gallias.
959 3412 1039 3477 Rex
1073 3415 1109 3477 iu
1142 3416 1292 3497 siugulis

333 3514 553 3577 comitatibus
570 3515 789 3594 capitaneum
806 3532 910 3576 unum
929 3513 1123 3590 coustituit,
1144 3516 1205 3597 qui
1223 3535 1293 3580 una

334 3632 411 3675 cum
431 3614 631 3677 vicecomite
654 3613 868 3695 praedonum,
890 3613 950 3694 qui
973 3612 1159 3695 plurimum
1182 3616 1291 3679 abuu-

332 3712 474 3788 dabam,
499 3712 681 3776 violentias
707 3721 890 3776 coerceret.
944 3711 986 3774 Iu
1015 3712 1137 3794 vigilia
1166 3713 1291 3779 Pente-

369 3916 376 3947 ¹
397 3920 456 3967 Cori.
471 3920 534 3980 Reg.
549 3918 595 3967 hes
606 3934 638 3967 no
650 3918 759 3967 division
772 3919 798 3967 in
823 3918 889 3968 nas!
928 3919 1060 3981 February
1082 3918 1129 3970 has
1154 3923 1216 3984 only
1236 3923 1292 3973 four

333 3989 384 4036 this
402 3990 492 4049 ploce,
510 3991 555 4036 but
567 3989 624 4036 both
637 3990 676 4038 M.
689 3988 738 4037 and
749 3989 796 4039 Ar.
823 4003 909 4038 nones.

333 4060 454 4119 correctly
465 4060 540 4120 begin
550 4059 591 4107 the
600 4060 797 4120 yearesabore.
858 4057 868 4088 ⁴
885 4060 948 4120 ‘per
967 4063 1064 4120 septem
1085 4074 1167 4111 sunm
1185 4076 1291 4125 sequen·

367 4126 378 4158 ²
389 4125 749 4190 ‘episcopuswigomiensin'
758 4130 796 4178 M.
822 4136 861 4178 tes
871 4124 885 4188 ς’
899 4129 936 4177 M.
946 4134 970 4178 el
979 4129 1027 4178 Ar.

366 4196 377 4228 ³
396 4200 456 4247 Cod.
478 4200 541 4260 Reg.
565 4199 610 4247 has
633 4200 794 4260 erroneously
859 4194 1008 4258 ⁶‘curiae3'
1021 4199 1150 4249 neth.

330 4269 418 4317 ‘sexto
436 4283 514 4317 nouas
525 4265 541 4316 ε’
562 4267 609 4318 Ar.
626 4269 719 4330 simply
734 4271 794 4318 ἀοι
857 4266 868 4299 ⁸
885 4270 1035 4319 ‘Francium
1045 4264 1060 4330 ς’
1073 4270 1112 4320 Μ.
1121 4271 1203 4321 etAr.
