<?xml version="1.0" encoding="UTF-8"?>
<!DOCTYPE html PUBLIC "-//W3C//DTD XHTML 1.0 Transitional//EN"
    "http://www.w3.org/TR/xhtml1/DTD/xhtml1-transitional.dtd">
<html xmlns="http://www.w3.org/1999/xhtml" xml:lang="en" lang="en">
 <head>
  <title>
</title>
<meta http-equiv="Content-Type" content="text/html;charset=utf-8" />
  <meta name='ocr-system' content='tesseract 3.04.00' />
  <meta name='ocr-capabilities' content='ocr_page ocr_carea ocr_par ocr_line ocrx_word'/>
</head>
<body>
  <div class='ocr_page' id='page_1' title='image "./fnicholaitrivet00trivgoog/fnicholaitrivet00trivgoog_0306.png"; bbox 0 0 2940 4950; ppageno 0'>
   <div class='ocr_carea' id='block_1_1' title="bbox 580 426 1149 492">
    <p class='ocr_par' dir='ltr' id='par_1_1' title="bbox 580 426 1149 492">
     <span class='ocr_line' id='line_1_1' title="bbox 580 426 1149 492; baseline 0.004 -3"><span class='ocrx_word' id='word_1_1' title='bbox 580 440 760 492; x_wconf 73' lang='lat' dir='ltr'><strong>suranus.</strong></span> <span class='ocrx_word' id='word_1_2' title='bbox 1083 426 1149 491; x_wconf 77' lang='lat'><strong>273</strong></span> 
     </span>
    </p>
   </div>
   <div class='ocr_carea' id='block_1_2' title="bbox 185 596 1147 2475">
    <p class='ocr_par' dir='ltr' id='par_1_2' title="bbox 185 596 1147 2475">
     <span class='ocr_line' id='line_1_2' title="bbox 191 596 1147 682; baseline 0.002 -19"><span class='ocrx_word' id='word_1_3' title='bbox 191 596 343 681; x_wconf 77' lang='lat' dir='ltr'><strong>Angliae,</strong></span> <span class='ocrx_word' id='word_1_4' title='bbox 365 598 402 662; x_wconf 88' lang='lat' dir='ltr'><strong>in</strong></span> <span class='ocrx_word' id='word_1_5' title='bbox 429 597 591 664; x_wconf 84' lang='lat' dir='ltr'><strong>feretrum</strong></span> <span class='ocrx_word' id='word_1_6' title='bbox 618 618 758 663; x_wconf 88' lang='lat' dir='ltr'><strong>aureum</strong></span> <span class='ocrx_word' id='word_1_7' title='bbox 782 599 874 682; x_wconf 88' lang='lat' dir='ltr'><strong>quod</strong></span> <span class='ocrx_word' id='word_1_8' title='bbox 904 599 936 664; x_wconf 90' lang='lat' dir='ltr'><strong>ei</strong></span> <span class='ocrx_word' id='word_1_9' title='bbox 963 609 1147 682; x_wconf 87' lang='lat' dir='ltr'><strong>paraverat</strong></span> 
     </span>
     <span class='ocr_line' id='line_1_3' title="bbox 187 692 1145 775; baseline 0.001 -12"><span class='ocrx_word' id='word_1_10' title='bbox 187 706 243 769; x_wconf 78' lang='lat' dir='ltr'><strong>est</strong></span> <span class='ocrx_word' id='word_1_11' title='bbox 274 692 506 764; x_wconf 87' lang='lat' dir='ltr'><strong>translatum.l</strong></span> <span class='ocrx_word' id='word_1_12' title='bbox 556 697 579 762; x_wconf 87' lang='lat' dir='ltr'>J</span> <span class='ocrx_word' id='word_1_13' title='bbox 583 718 713 763; x_wconf 87' lang='lat' dir='ltr'><strong>oannes</strong></span> <span class='ocrx_word' id='word_1_14' title='bbox 746 699 789 762; x_wconf 92' lang='lat' dir='ltr'><strong>de</strong></span> <span class='ocrx_word' id='word_1_15' title='bbox 814 698 1000 775; x_wconf 80' lang='lat' dir='ltr'>warenna,</span> <span class='ocrx_word' id='word_1_16' title='bbox 1030 720 1145 765; x_wconf 91' lang='lat' dir='ltr'><strong>eomes</strong></span> 
     </span>
     <span class='ocr_line' id='line_1_4' title="bbox 191 791 1145 883; baseline 0.004 -23"><span class='ocrx_word' id='word_1_17' title='bbox 191 796 341 861; x_wconf 84' lang='lat' dir='ltr'><strong>Surreiae</strong></span> <span class='ocrx_word' id='word_1_18' title='bbox 367 791 420 862; x_wconf 78' lang='lat' dir='ltr'><strong>&#39;et</strong></span> <span class='ocrx_word' id='word_1_19' title='bbox 446 798 616 873; x_wconf 82' lang='lat' dir='ltr'><strong>Susexiae,</strong></span> <span class='ocrx_word' id='word_1_20' title='bbox 641 798 793 863; x_wconf 82' lang='lat' dir='ltr'><strong>Alanum</strong></span> <span class='ocrx_word' id='word_1_21' title='bbox 821 799 856 862; x_wconf 86' lang='lat' dir='ltr'><strong>la</strong></span> <span class='ocrx_word' id='word_1_22' title='bbox 879 799 1027 877; x_wconf 90' lang='lat' dir='ltr'><strong>Souehe,</strong></span> <span class='ocrx_word' id='word_1_23' title='bbox 1053 801 1145 883; x_wconf 74' lang='lat' dir='ltr'><strong>regis</strong></span> 
     </span>
     <span class='ocr_line' id='line_1_5' title="bbox 185 897 1143 981; baseline 0.003 -20"><span class='ocrx_word' id='word_1_24' title='bbox 185 897 426 981; x_wconf 87' lang='lat' dir='ltr'><strong>justitiarium,</strong></span> <span class='ocrx_word' id='word_1_25' title='bbox 460 898 495 961; x_wconf 94' lang='lat' dir='ltr'><strong>in</strong></span> <span class='ocrx_word' id='word_1_26' title='bbox 532 899 613 962; x_wconf 92' lang='lat' dir='ltr'><strong>aula</strong></span> <span class='ocrx_word' id='word_1_27' title='bbox 644 898 958 976; x_wconf 82' lang='lat' dir='ltr'><strong>westmonasterii,</strong></span> <span class='ocrx_word' id='word_1_28' title='bbox 991 900 1143 964; x_wconf 84' lang='lat' dir='ltr'><strong>subortis</strong></span> 
     </span>
     <span class='ocr_line' id='line_1_6' title="bbox 190 996 1142 1081; baseline 0.004 -20"><span class='ocrx_word' id='word_1_29' title='bbox 190 996 284 1062; x_wconf 89' lang='lat' dir='ltr'><strong>inter</strong></span> <span class='ocrx_word' id='word_1_30' title='bbox 304 1017 365 1061; x_wconf 90' lang='lat' dir='ltr'><strong>eos</strong></span> <span class='ocrx_word' id='word_1_31' title='bbox 381 999 507 1074; x_wconf 84' lang='lat' dir='ltr'><strong>verbis,</strong></span> <span class='ocrx_word' id='word_1_32' title='bbox 529 1017 633 1062; x_wconf 89' lang='lat' dir='ltr'><strong>mann</strong></span> <span class='ocrx_word' id='word_1_33' title='bbox 658 999 798 1081; x_wconf 88' lang='lat' dir='ltr'><strong>propria</strong></span> <span class='ocrx_word' id='word_1_34' title='bbox 821 997 1004 1064; x_wconf 80' lang='lat' dir='ltr'><strong>interfecit.</strong></span> <span class='ocrx_word' id='word_1_35' title='bbox 1051 999 1142 1065; x_wconf 88' lang='lat' dir='ltr'><strong>Con·</strong></span> 
     </span>
     <span class='ocr_line' id='line_1_7' title="bbox 190 1096 1143 1180; baseline 0.002 -19"><span class='ocrx_word' id='word_1_36' title='bbox 190 1096 345 1174; x_wconf 84' lang='lat' dir='ltr'><strong>rudinus,</strong></span> <span class='ocrx_word' id='word_1_37' title='bbox 363 1116 471 1180; x_wconf 92' lang='lat' dir='ltr'><strong>nepos</strong></span> <span class='ocrx_word' id='word_1_38' title='bbox 487 1097 660 1162; x_wconf 88' lang='lat' dir='ltr'><strong>Frederiei</strong></span> <span class='ocrx_word' id='word_1_39' title='bbox 677 1097 757 1161; x_wconf 92' lang='lat' dir='ltr'><strong>olim</strong></span> <span class='ocrx_word' id='word_1_40' title='bbox 777 1099 993 1180; x_wconf 88' lang='lat' dir='ltr'><strong>imperatoris</strong></span> <span class='ocrx_word' id='word_1_41' title='bbox 1010 1119 1054 1163; x_wconf 84' lang='lat' dir='ltr'><strong>ex</strong></span> <span class='ocrx_word' id='word_1_42' title='bbox 1072 1100 1143 1165; x_wconf 88' lang='lat' dir='ltr'><strong>filio</strong></span> 
     </span>
     <span class='ocr_line' id='line_1_8' title="bbox 190 1194 1143 1280; baseline 0.002 -19"><span class='ocrx_word' id='word_1_43' title='bbox 190 1194 364 1273; x_wconf 80' lang='lat' dir='ltr'><strong>conrado,</strong></span> <span class='ocrx_word' id='word_1_44' title='bbox 388 1204 514 1279; x_wconf 89' lang='lat' dir='ltr'><strong>patruo</strong></span> <span class='ocrx_word' id='word_1_45' title='bbox 533 1216 598 1261; x_wconf 89' lang='lat' dir='ltr'><strong>suo</strong></span> <span class='ocrx_word' id='word_1_46' title='bbox 622 1196 805 1261; x_wconf 86' lang='lat' dir='ltr'><strong>Mansredo</strong></span> <span class='ocrx_word' id='word_1_47' title='bbox 822 1206 971 1273; x_wconf 90' lang='lat' dir='ltr'><strong>mortuo,</strong></span> <span class='ocrx_word' id='word_1_48' title='bbox 986 1200 1143 1280; x_wconf 81' lang='lat' dir='ltr'><strong>aspirans</strong></span> 
     </span>
     <span class='ocr_line' id='line_1_9' title="bbox 190 1294 1144 1380; baseline 0.003 -21"><span class='ocrx_word' id='word_1_49' title='bbox 190 1294 236 1360; x_wconf 90' lang='lat' dir='ltr'><strong>ad</strong></span> <span class='ocrx_word' id='word_1_50' title='bbox 251 1315 395 1378; x_wconf 82' lang='lat' dir='ltr'><strong>regnum</strong></span> <span class='ocrx_word' id='word_1_51' title='bbox 414 1295 540 1360; x_wconf 84' lang='lat' dir='ltr'><strong>Siciliae</strong></span> <span class='ocrx_word' id='word_1_52' title='bbox 556 1296 688 1361; x_wconf 87' lang='lat' dir='ltr'><strong>auxilio</strong></span> <span class='ocrx_word' id='word_1_53' title='bbox 704 1297 985 1372; x_wconf 88' lang='lat' dir='ltr'><strong>Teutonicorum,</strong></span> <span class='ocrx_word' id='word_1_54' title='bbox 999 1298 1144 1380; x_wconf 86' lang='lat' dir='ltr'><strong>adjunc-</strong></span> 
     </span>
     <span class='ocr_line' id='line_1_10' title="bbox 190 1394 1142 1478; baseline 0 -17"><span class='ocrx_word' id='word_1_55' title='bbox 190 1394 236 1461; x_wconf 86' lang='lat' dir='ltr'><strong>tis</strong></span> <span class='ocrx_word' id='word_1_56' title='bbox 259 1396 310 1460; x_wconf 90' lang='lat' dir='ltr'><strong>eis</strong></span> <span class='ocrx_word' id='word_1_57' title='bbox 334 1396 596 1478; x_wconf 81' lang='lat' dir='ltr'><strong>quamplurimis</strong></span> <span class='ocrx_word' id='word_1_58' title='bbox 621 1394 826 1460; x_wconf 89' lang='lat' dir='ltr'><strong>Lumbardis</strong></span> <span class='ocrx_word' id='word_1_59' title='bbox 846 1403 881 1459; x_wconf 88' lang='lat' dir='ltr'><strong>et</strong></span> <span class='ocrx_word' id='word_1_60' title='bbox 907 1396 1045 1472; x_wconf 90' lang='lat' dir='ltr'><strong>Tuscis,</strong></span> <span class='ocrx_word' id='word_1_61' title='bbox 1067 1397 1142 1461; x_wconf 91' lang='lat' dir='ltr'><strong>Ro·</strong></span> 
     </span>
     <span class='ocr_line' id='line_1_11' title="bbox 191 1495 1143 1579; baseline 0.001 -20"><span class='ocrx_word' id='word_1_62' title='bbox 191 1514 283 1559; x_wconf 87' lang='lat' dir='ltr'><strong>mam</strong></span> <span class='ocrx_word' id='word_1_63' title='bbox 316 1514 426 1579; x_wconf 89' lang='lat' dir='ltr'><strong>usqne</strong></span> <span class='ocrx_word' id='word_1_64' title='bbox 451 1496 628 1578; x_wconf 82' lang='lat' dir='ltr'><strong>pervenit:</strong></span> <span class='ocrx_word' id='word_1_65' title='bbox 663 1497 721 1560; x_wconf 89' lang='lat' dir='ltr'><strong>ubi</strong></span> <span class='ocrx_word' id='word_1_66' title='bbox 749 1515 826 1559; x_wconf 91' lang='lat' dir='ltr'><strong>eum</strong></span> <span class='ocrx_word' id='word_1_67' title='bbox 854 1495 1023 1578; x_wconf 90' lang='lat' dir='ltr'><strong>imperiali</strong></span> <span class='ocrx_word' id='word_1_68' title='bbox 1049 1516 1143 1561; x_wconf 89' lang='lat' dir='ltr'><strong>more</strong></span> 
     </span>
     <span class='ocr_line' id='line_1_12' title="bbox 188 1595 1143 1678; baseline 0.001 -19"><span class='ocrx_word' id='word_1_69' title='bbox 188 1595 390 1660; x_wconf 84' lang='lat' dir='ltr'><strong>solemniter</strong></span> <span class='ocrx_word' id='word_1_70' title='bbox 410 1595 532 1660; x_wconf 88' lang='lat' dir='ltr'><strong>suisset</strong></span> <span class='ocrx_word' id='word_1_71' title='bbox 558 1602 729 1678; x_wconf 86' lang='lat' dir='ltr'><strong>receptus,</strong></span> <span class='ocrx_word' id='word_1_72' title='bbox 756 1595 927 1660; x_wconf 86' lang='lat' dir='ltr'><strong>associato</strong></span> <span class='ocrx_word' id='word_1_73' title='bbox 949 1596 1015 1660; x_wconf 91' lang='lat' dir='ltr'><strong>sibi</strong></span> <span class='ocrx_word' id='word_1_74' title='bbox 1043 1615 1143 1660; x_wconf 89' lang='lat' dir='ltr'><strong>sena-</strong></span> 
     </span>
     <span class='ocr_line' id='line_1_13' title="bbox 189 1694 1141 1776; baseline 0.002 -17"><span class='ocrx_word' id='word_1_75' title='bbox 189 1702 265 1759; x_wconf 83' lang='lat' dir='ltr'><strong>tore</strong></span> <span class='ocrx_word' id='word_1_76' title='bbox 288 1694 381 1759; x_wconf 87' lang='lat' dir='ltr'><strong>urbis</strong></span> <span class='ocrx_word' id='word_1_77' title='bbox 405 1694 561 1759; x_wconf 90' lang='lat' dir='ltr'><strong>Henrico</strong></span> <span class='ocrx_word' id='word_1_78' title='bbox 583 1695 689 1759; x_wconf 80' lang='lat' dir='ltr'><strong>fratre</strong></span> <span class='ocrx_word' id='word_1_79' title='bbox 712 1695 803 1776; x_wconf 81' lang='lat' dir='ltr'><strong>regis</strong></span> <span class='ocrx_word' id='word_1_80' title='bbox 821 1694 997 1773; x_wconf 83' lang='lat' dir='ltr'><strong>Castaliae,</strong></span> <span class='ocrx_word' id='word_1_81' title='bbox 1018 1704 1054 1760; x_wconf 91' lang='lat' dir='ltr'><strong>et</strong></span> <span class='ocrx_word' id='word_1_82' title='bbox 1069 1696 1141 1761; x_wconf 90' lang='lat' dir='ltr'><strong>Ro·</strong></span> 
     </span>
     <span class='ocr_line' id='line_1_14' title="bbox 186 1794 1142 1878; baseline 0.001 -19"><span class='ocrx_word' id='word_1_83' title='bbox 186 1794 300 1859; x_wconf 87' lang='lat' dir='ltr'><strong>manis</strong></span> <span class='ocrx_word' id='word_1_84' title='bbox 322 1794 595 1878; x_wconf 79' lang='lat' dir='ltr'><strong>quamplurimis,</strong></span> <span class='ocrx_word' id='word_1_85' title='bbox 626 1802 746 1858; x_wconf 87' lang='lat' dir='ltr'><strong>contra</strong></span> <span class='ocrx_word' id='word_1_86' title='bbox 774 1814 888 1875; x_wconf 74' lang='lat' dir='ltr'><strong>regem</strong></span> <span class='ocrx_word' id='word_1_87' title='bbox 919 1795 1083 1860; x_wconf 82' lang='lat' dir='ltr'><strong>carolum</strong></span> <span class='ocrx_word' id='word_1_88' title='bbox 1105 1798 1142 1860; x_wconf 94' lang='lat' dir='ltr'><strong>in</strong></span> 
     </span>
     <span class='ocr_line' id='line_1_15' title="bbox 187 1893 1140 1977; baseline 0 -18"><span class='ocrx_word' id='word_1_89' title='bbox 187 1913 294 1959; x_wconf 86' lang='lat' dir='ltr'><strong>mauu</strong></span> <span class='ocrx_word' id='word_1_90' title='bbox 325 1893 407 1959; x_wconf 85' lang='lat' dir='ltr'><strong>forti</strong></span> <span class='ocrx_word' id='word_1_91' title='bbox 430 1893 592 1977; x_wconf 82' lang='lat' dir='ltr'><strong>Apuliam</strong></span> <span class='ocrx_word' id='word_1_92' title='bbox 623 1894 786 1972; x_wconf 79' lang='lat' dir='ltr'><strong>intravit3</strong></span> <span class='ocrx_word' id='word_1_93' title='bbox 819 1895 878 1958; x_wconf 92' lang='lat' dir='ltr'><strong>sed</strong></span> <span class='ocrx_word' id='word_1_94' title='bbox 908 1903 989 1977; x_wconf 91' lang='lat' dir='ltr'><strong>post</strong></span> <span class='ocrx_word' id='word_1_95' title='bbox 1017 1895 1140 1959; x_wconf 92' lang='lat' dir='ltr'><strong>durum</strong></span> 
     </span>
     <span class='ocr_line' id='line_1_16' title="bbox 187 1992 1142 2077; baseline 0 -18"><span class='ocrx_word' id='word_1_96' title='bbox 187 2000 381 2077; x_wconf 86' lang='lat' dir='ltr'><strong>campestre</strong></span> <span class='ocrx_word' id='word_1_97' title='bbox 415 1993 554 2070; x_wconf 90' lang='lat' dir='ltr'><strong>bellum,</strong></span> <span class='ocrx_word' id='word_1_98' title='bbox 585 1992 802 2058; x_wconf 88' lang='lat' dir='ltr'><strong>Conradinus</strong></span> <span class='ocrx_word' id='word_1_99' title='bbox 832 2013 907 2057; x_wconf 92' lang='lat' dir='ltr'><strong>cum</strong></span> <span class='ocrx_word' id='word_1_100' title='bbox 939 1995 1011 2058; x_wconf 88' lang='lat' dir='ltr'><strong>suis</strong></span> <span class='ocrx_word' id='word_1_101' title='bbox 1043 2003 1142 2077; x_wconf 82' lang='lat' dir='ltr'><strong>terga</strong></span> 
     </span>
     <span class='ocr_line' id='line_1_17' title="bbox 188 2093 1143 2175; baseline 0.001 -18"><span class='ocrx_word' id='word_1_102' title='bbox 188 2093 403 2158; x_wconf 85' lang='lat' dir='ltr'><strong>vertentibus</strong></span> <span class='ocrx_word' id='word_1_103' title='bbox 427 2094 576 2175; x_wconf 89' lang='lat' dir='ltr'><strong>capitur,</strong></span> <span class='ocrx_word' id='word_1_104' title='bbox 598 2101 632 2158; x_wconf 93' lang='lat' dir='ltr'><strong>et</strong></span> <span class='ocrx_word' id='word_1_105' title='bbox 657 2113 734 2158; x_wconf 89' lang='lat' dir='ltr'><strong>cnm</strong></span> <span class='ocrx_word' id='word_1_106' title='bbox 762 2093 879 2156; x_wconf 83' lang='lat' dir='ltr'><strong>multis</strong></span> <span class='ocrx_word' id='word_1_107' title='bbox 904 2093 947 2157; x_wconf 92' lang='lat' dir='ltr'><strong>de</strong></span> <span class='ocrx_word' id='word_1_108' title='bbox 975 2096 1143 2175; x_wconf 84' lang='lat' dir='ltr'><strong>sanguiue</strong></span> 
     </span>
     <span class='ocr_line' id='line_1_18' title="bbox 187 2191 1142 2278; baseline 0 -21"><span class='ocrx_word' id='word_1_109' title='bbox 187 2212 254 2259; x_wconf 86' lang='lat' dir='ltr'><strong>suo</strong></span> <span class='ocrx_word' id='word_1_110' title='bbox 291 2192 474 2270; x_wconf 86' lang='lat' dir='ltr'><strong>nobilibus,</strong></span> <span class='ocrx_word' id='word_1_111' title='bbox 506 2194 609 2278; x_wconf 88' lang='lat' dir='ltr'><strong>jussu</strong></span> <span class='ocrx_word' id='word_1_112' title='bbox 645 2192 736 2275; x_wconf 81' lang='lat' dir='ltr'><strong>regis</strong></span> <span class='ocrx_word' id='word_1_113' title='bbox 773 2191 902 2267; x_wconf 87' lang='lat' dir='ltr'><strong>Caroli,</strong></span> <span class='ocrx_word' id='word_1_114' title='bbox 939 2193 1142 2257; x_wconf 87' lang='lat' dir='ltr'><strong>decollatur.</strong></span> 
     </span>
     <span class='ocr_line' id='line_1_19' title="bbox 189 2291 1144 2375; baseline -0.001 -18"><span class='ocrx_word' id='word_1_115' title='bbox 189 2292 367 2357; x_wconf 88' lang='lat' dir='ltr'><strong>Henricus</strong></span> <span class='ocrx_word' id='word_1_116' title='bbox 391 2300 506 2356; x_wconf 88' lang='lat' dir='ltr'><strong>autern</strong></span> <span class='ocrx_word' id='word_1_117' title='bbox 530 2293 638 2357; x_wconf 85' lang='lat' dir='ltr'><strong>frater</strong></span> <span class='ocrx_word' id='word_1_118' title='bbox 661 2293 752 2375; x_wconf 80' lang='lat' dir='ltr'><strong>regis</strong></span> <span class='ocrx_word' id='word_1_119' title='bbox 775 2291 939 2356; x_wconf 87' lang='lat' dir='ltr'><strong>Castellae</strong></span> <span class='ocrx_word' id='word_1_120' title='bbox 962 2292 1004 2355; x_wconf 89' lang='lat' dir='ltr'><strong>de</strong></span> <span class='ocrx_word' id='word_1_121' title='bbox 1024 2293 1144 2375; x_wconf 89' lang='lat' dir='ltr'><strong>praelio</strong></span> 
     </span>
     <span class='ocr_line' id='line_1_20' title="bbox 186 2391 1143 2475; baseline 0 -18"><span class='ocrx_word' id='word_1_122' title='bbox 186 2391 232 2458; x_wconf 87' lang='lat' dir='ltr'><strong>ad</strong></span> <span class='ocrx_word' id='word_1_123' title='bbox 259 2401 411 2457; x_wconf 81' lang='lat' dir='ltr'><strong>castrum</strong></span> <span class='ocrx_word' id='word_1_124' title='bbox 437 2392 528 2475; x_wconf 81' lang='lat' dir='ltr'><strong>sugit</strong></span> <span class='ocrx_word' id='word_1_125' title='bbox 553 2392 758 2470; x_wconf 82' lang='lat' dir='ltr'><strong>Cassinom3</strong></span> <span class='ocrx_word' id='word_1_126' title='bbox 784 2393 843 2475; x_wconf 89' lang='lat' dir='ltr'><strong>qui</strong></span> <span class='ocrx_word' id='word_1_127' title='bbox 869 2398 991 2474; x_wconf 90' lang='lat' dir='ltr'><strong>postea</strong></span> <span class='ocrx_word' id='word_1_128' title='bbox 1017 2392 1143 2457; x_wconf 88' lang='lat' dir='ltr'><strong>Carolo</strong></span> 
     </span>
    </p>
   </div>
   <div class='ocr_carea' id='block_1_3' title="bbox 186 2491 1258 2575">
    <p class='ocr_par' dir='ltr' id='par_1_3' title="bbox 186 2491 1258 2575">
     <span class='ocr_line' id='line_1_21' title="bbox 186 2491 1258 2575; baseline -0.007 -18"><span class='ocrx_word' id='word_1_129' title='bbox 186 2491 343 2557; x_wconf 86' lang='lat' dir='ltr'><strong>redditus</strong></span> <span class='ocrx_word' id='word_1_130' title='bbox 370 2492 499 2557; x_wconf 85' lang='lat' dir='ltr'><strong>carceri</strong></span> <span class='ocrx_word' id='word_1_131' title='bbox 524 2493 749 2575; x_wconf 88' lang='lat' dir='ltr'><strong>mancipatur.</strong></span> <span class='ocrx_word' id='word_1_132' title='bbox 803 2491 963 2556; x_wconf 85' lang='lat' dir='ltr'><strong>Clemens</strong></span> <span class='ocrx_word' id='word_1_133' title='bbox 990 2511 1093 2574; x_wconf 89' lang='lat' dir='ltr'><strong>papa,</strong></span> <span class='ocrx_word' id='word_1_134' title='bbox 1121 2512 1258 2556; x_wconf 62' lang='lat' dir='ltr'><strong>ane-raas</strong></span> 
     </span>
    </p>
   </div>
   <div class='ocr_carea' id='block_1_4' title="bbox 187 2562 1297 2675">
    <p class='ocr_par' dir='ltr' id='par_1_4' title="bbox 187 2562 1297 2675">
     <span class='ocr_line' id='line_1_22' title="bbox 187 2562 1297 2675; baseline 0 -20"><span class='ocrx_word' id='word_1_135' title='bbox 187 2592 352 2675; x_wconf 71' lang='lat' dir='ltr'><strong>praesenti</strong></span> <span class='ocrx_word' id='word_1_136' title='bbox 373 2592 490 2655; x_wconf 85' lang='lat' dir='ltr'><strong>seculo</strong></span> <span class='ocrx_word' id='word_1_137' title='bbox 507 2592 673 2673; x_wconf 79' lang='lat' dir='ltr'><strong>migrans,</strong></span> <span class='ocrx_word' id='word_1_138' title='bbox 691 2591 841 2656; x_wconf 90' lang='lat' dir='ltr'><strong>Viterbii</strong></span> <span class='ocrx_word' id='word_1_139' title='bbox 855 2591 1012 2669; x_wconf 90' lang='lat' dir='ltr'><strong>moritur,</strong></span> <span class='ocrx_word' id='word_1_140' title='bbox 1029 2599 1064 2656; x_wconf 92' lang='lat' dir='ltr'><strong>et</strong></span> <span class='ocrx_word' id='word_1_141' title='bbox 1079 2592 1143 2656; x_wconf 91' lang='lat' dir='ltr'><strong>ibi·</strong></span> <span class='ocrx_word' id='word_1_142' title='bbox 1154 2562 1250 2602; x_wconf 57' lang='lat' dir='ltr'><strong>cm</strong></span> <span class='ocrx_word' id='word_1_143' title='bbox 1260 2563 1297 2601; x_wconf 52' lang='grc' dir='ltr'><em>Ν</em></span> 
     </span>
    </p>
   </div>
   <div class='ocr_carea' id='block_1_5' title="bbox 184 2690 1142 3753">
    <p class='ocr_par' dir='ltr' id='par_1_5' title="bbox 184 2690 1142 3753">
     <span class='ocr_line' id='line_1_23' title="bbox 187 2690 1141 2756; baseline 0.001 -1"><span class='ocrx_word' id='word_1_144' title='bbox 187 2690 324 2755; x_wconf 90' lang='lat' dir='ltr'><strong>demin</strong></span> <span class='ocrx_word' id='word_1_145' title='bbox 351 2690 496 2755; x_wconf 86' lang='lat' dir='ltr'><strong>fratrum</strong></span> <span class='ocrx_word' id='word_1_146' title='bbox 527 2691 799 2756; x_wconf 83' lang='lat' dir='ltr'><strong>Praedicatorum</strong></span> <span class='ocrx_word' id='word_1_147' title='bbox 824 2691 969 2756; x_wconf 88' lang='lat' dir='ltr'><strong>ecclesia</strong></span> <span class='ocrx_word' id='word_1_148' title='bbox 994 2691 1141 2756; x_wconf 87' lang='lat' dir='ltr'><strong>tumula-</strong></span> 
     </span>
     <span class='ocr_line' id='line_1_24' title="bbox 188 2790 1141 2876; baseline -0.002 -19"><span class='ocrx_word' id='word_1_149' title='bbox 188 2798 257 2857; x_wconf 87' lang='lat' dir='ltr'><strong>tur.</strong></span> <span class='ocrx_word' id='word_1_150' title='bbox 311 2790 382 2855; x_wconf 89' lang='lat' dir='ltr'><strong>Hie</strong></span> <span class='ocrx_word' id='word_1_151' title='bbox 403 2810 496 2873; x_wconf 89' lang='lat' dir='ltr'><strong>papa</strong></span> <span class='ocrx_word' id='word_1_152' title='bbox 520 2792 572 2855; x_wconf 87' lang='lat' dir='ltr'><strong>ita</strong></span> <span class='ocrx_word' id='word_1_153' title='bbox 591 2791 732 2873; x_wconf 81' lang='lat' dir='ltr'><strong>vigiliis,</strong></span> <span class='ocrx_word' id='word_1_154' title='bbox 750 2790 895 2876; x_wconf 88' lang='lat' dir='ltr'><strong>jejuniis</strong></span> <span class='ocrx_word' id='word_1_155' title='bbox 920 2799 954 2855; x_wconf 87' lang='lat' dir='ltr'><strong>et</strong></span> <span class='ocrx_word' id='word_1_156' title='bbox 976 2792 1141 2857; x_wconf 88' lang='lat' dir='ltr'><strong>orationi·</strong></span> 
     </span>
     <span class='ocr_line' id='line_1_25' title="bbox 186 2890 1141 2974; baseline 0 -19"><span class='ocrx_word' id='word_1_157' title='bbox 186 2891 265 2967; x_wconf 91' lang='lat' dir='ltr'><strong>bus,</strong></span> <span class='ocrx_word' id='word_1_158' title='bbox 291 2910 332 2955; x_wconf 89' lang='lat' dir='ltr'><strong>ae</strong></span> <span class='ocrx_word' id='word_1_159' title='bbox 354 2890 432 2954; x_wconf 85' lang='lat' dir='ltr'><strong>aliis</strong></span> <span class='ocrx_word' id='word_1_160' title='bbox 454 2892 616 2973; x_wconf 92' lang='lat' dir='ltr'><strong>operibus</strong></span> <span class='ocrx_word' id='word_1_161' title='bbox 640 2892 740 2956; x_wconf 92' lang='lat' dir='ltr'><strong>bonis</strong></span> <span class='ocrx_word' id='word_1_162' title='bbox 764 2900 838 2956; x_wconf 91' lang='lat' dir='ltr'><strong>erat</strong></span> <span class='ocrx_word' id='word_1_163' title='bbox 861 2893 1027 2969; x_wconf 90' lang='lat' dir='ltr'><strong>intentus,</strong></span> <span class='ocrx_word' id='word_1_164' title='bbox 1049 2892 1141 2974; x_wconf 92' lang='lat' dir='ltr'><strong>quod</strong></span> 
     </span>
     <span class='ocr_line' id='line_1_26' title="bbox 186 2990 1140 3073; baseline 0 -18"><span class='ocrx_word' id='word_1_165' title='bbox 186 2990 318 3056; x_wconf 87' lang='lat' dir='ltr'><strong>multas</strong></span> <span class='ocrx_word' id='word_1_166' title='bbox 350 2990 603 3068; x_wconf 86' lang='lat' dir='ltr'><strong>tribulationes,</strong></span> <span class='ocrx_word' id='word_1_167' title='bbox 634 3010 722 3073; x_wconf 90' lang='lat' dir='ltr'><strong>quas</strong></span> <span class='ocrx_word' id='word_1_168' title='bbox 750 2998 833 3054; x_wconf 89' lang='lat' dir='ltr'><strong>tunc</strong></span> <span class='ocrx_word' id='word_1_169' title='bbox 862 2991 1055 3056; x_wconf 89' lang='lat' dir='ltr'><strong>sustinebat</strong></span> <span class='ocrx_word' id='word_1_170' title='bbox 1084 3011 1140 3055; x_wconf 90' lang='lat' dir='ltr'><strong>ec-</strong></span> 
     </span>
     <span class='ocr_line' id='line_1_27' title="bbox 186 3082 1141 3169; baseline -0.001 -14"><span class='ocrx_word' id='word_1_171' title='bbox 186 3084 306 3169; x_wconf 76' lang='lat' dir='ltr'><strong>clesia,</strong></span> <span class='ocrx_word' id='word_1_172' title='bbox 334 3082 454 3155; x_wconf 71' lang='lat' dir='ltr'><strong>&#39;Duos</strong></span> <span class='ocrx_word' id='word_1_173' title='bbox 480 3091 554 3153; x_wconf 87' lang='lat' dir='ltr'><strong>suis</strong></span> <span class='ocrx_word' id='word_1_174' title='bbox 583 3092 714 3154; x_wconf 89' lang='lat' dir='ltr'><strong>meritis</strong></span> <span class='ocrx_word' id='word_1_175' title='bbox 744 3090 896 3154; x_wconf 84' lang='lat' dir='ltr'><strong>creditur</strong></span> <span class='ocrx_word' id='word_1_176' title='bbox 919 3091 1141 3154; x_wconf 86' lang='lat' dir='ltr'><strong>exstinxisse.</strong></span> 
     </span>
     <span class='ocr_line' id='line_1_28' title="bbox 187 3188 1141 3272; baseline 0.001 -19"><span class='ocrx_word' id='word_1_177' title='bbox 187 3188 260 3269; x_wconf 85' lang='lat' dir='ltr'><strong>Qui</strong></span> <span class='ocrx_word' id='word_1_178' title='bbox 286 3190 402 3267; x_wconf 89' lang='lat' dir='ltr'><strong>etiam,</strong></span> <span class='ocrx_word' id='word_1_179' title='bbox 425 3209 503 3253; x_wconf 89' lang='lat' dir='ltr'><strong>curn</strong></span> <span class='ocrx_word' id='word_1_180' title='bbox 530 3190 629 3254; x_wconf 89' lang='lat' dir='ltr'><strong>multi</strong></span> <span class='ocrx_word' id='word_1_181' title='bbox 657 3198 784 3255; x_wconf 87' lang='lat' dir='ltr'><strong>statum</strong></span> <span class='ocrx_word' id='word_1_182' title='bbox 812 3190 905 3271; x_wconf 80' lang='lat' dir='ltr'><strong>regis</strong></span> <span class='ocrx_word' id='word_1_183' title='bbox 934 3188 1052 3253; x_wconf 86' lang='lat' dir='ltr'><strong>Caroli</strong></span> <span class='ocrx_word' id='word_1_184' title='bbox 1077 3210 1141 3272; x_wconf 95' lang='lat' dir='ltr'><strong>pro</strong></span> 
     </span>
     <span class='ocr_line' id='line_1_29' title="bbox 186 3288 1140 3373; baseline -0.002 -20"><span class='ocrx_word' id='word_1_185' title='bbox 186 3289 371 3373; x_wconf 81' lang='lat' dir='ltr'><strong>desperato</strong></span> <span class='ocrx_word' id='word_1_186' title='bbox 403 3289 582 3367; x_wconf 87' lang='lat' dir='ltr'><strong>haberent,</strong></span> <span class='ocrx_word' id='word_1_187' title='bbox 612 3298 684 3354; x_wconf 92' lang='lat' dir='ltr'><strong>tum</strong></span> <span class='ocrx_word' id='word_1_188' title='bbox 717 3297 858 3373; x_wconf 89' lang='lat' dir='ltr'><strong>propter</strong></span> <span class='ocrx_word' id='word_1_189' title='bbox 888 3288 1140 3351; x_wconf 87' lang='lat' dir='ltr'><strong>multitudinem</strong></span> 
     </span>
     <span class='ocr_line' id='line_1_30' title="bbox 186 3386 1142 3471; baseline -0.004 -17"><span class='ocrx_word' id='word_1_190' title='bbox 186 3390 362 3454; x_wconf 84' lang='lat' dir='ltr'><strong>exercitus</strong></span> <span class='ocrx_word' id='word_1_191' title='bbox 394 3389 594 3466; x_wconf 89' lang='lat' dir='ltr'><strong>Conradini,</strong></span> <span class='ocrx_word' id='word_1_192' title='bbox 626 3396 697 3453; x_wconf 90' lang='lat' dir='ltr'><strong>tum</strong></span> <span class='ocrx_word' id='word_1_193' title='bbox 732 3395 872 3471; x_wconf 91' lang='lat' dir='ltr'><strong>propter</strong></span> <span class='ocrx_word' id='word_1_194' title='bbox 905 3386 1014 3451; x_wconf 91' lang='lat' dir='ltr'><strong>totius</strong></span> <span class='ocrx_word' id='word_1_195' title='bbox 1044 3405 1142 3468; x_wconf 89' lang='lat' dir='ltr'><strong>paene</strong></span> 
     </span>
     <span class='ocr_line' id='line_1_31' title="bbox 187 3479 1141 3572; baseline -0.006 -18"><span class='ocrx_word' id='word_1_196' title='bbox 187 3489 286 3572; x_wconf 75' lang='lat' dir='ltr'><strong>regni</strong></span> <span class='ocrx_word' id='word_1_197' title='bbox 300 3488 429 3553; x_wconf 69' lang='lat' dir='ltr'><strong>Siciliae</strong></span> <span class='ocrx_word' id='word_1_198' title='bbox 445 3490 676 3565; x_wconf 88' lang='lat' dir='ltr'><strong>rebellionem,</strong></span> <span class='ocrx_word' id='word_1_199' title='bbox 698 3490 733 3551; x_wconf 89' lang='lat' dir='ltr'><strong>in</strong></span> <span class='ocrx_word' id='word_1_200' title='bbox 750 3487 887 3571; x_wconf 89' lang='lat' dir='ltr'><strong>publico</strong></span> <span class='ocrx_word' id='word_1_201' title='bbox 902 3505 1060 3550; x_wconf 88' lang='lat' dir='ltr'><strong>sermone</strong></span> <span class='ocrx_word' id='word_1_202' title='bbox 1074 3479 1141 3549; x_wconf 87' lang='lat' dir='ltr'><strong>⁴rei</strong></span> 
     </span>
     <span class='ocr_line' id='line_1_32' title="bbox 187 3586 1141 3672; baseline -0.003 -19"><span class='ocrx_word' id='word_1_203' title='bbox 187 3595 349 3653; x_wconf 85' lang='lat' dir='ltr'><strong>eventurn</strong></span> <span class='ocrx_word' id='word_1_204' title='bbox 374 3588 547 3672; x_wconf 86' lang='lat' dir='ltr'><strong>praedixit.</strong></span> <span class='ocrx_word' id='word_1_205' title='bbox 601 3588 671 3651; x_wconf 88' lang='lat' dir='ltr'><strong>Hic</strong></span> <span class='ocrx_word' id='word_1_206' title='bbox 695 3607 786 3670; x_wconf 88' lang='lat' dir='ltr'><strong>papa</strong></span> <span class='ocrx_word' id='word_1_207' title='bbox 801 3586 949 3651; x_wconf 88' lang='lat' dir='ltr'><strong>Viterbii</strong></span> <span class='ocrx_word' id='word_1_208' title='bbox 973 3587 1007 3648; x_wconf 89' lang='lat' dir='ltr'><strong>in</strong></span> <span class='ocrx_word' id='word_1_209' title='bbox 1033 3586 1141 3650; x_wconf 87' lang='lat' dir='ltr'><strong>eecle-</strong></span> 
     </span>
     <span class='ocr_line' id='line_1_33' title="bbox 184 3687 1139 3753; baseline -0.004 0"><span class='ocrx_word' id='word_1_210' title='bbox 184 3688 240 3753; x_wconf 81' lang='lat' dir='ltr'><strong>sia</strong></span> <span class='ocrx_word' id='word_1_211' title='bbox 267 3687 411 3752; x_wconf 84' lang='lat' dir='ltr'><strong>fratrum</strong></span> <span class='ocrx_word' id='word_1_212' title='bbox 446 3688 717 3751; x_wconf 85' lang='lat' dir='ltr'><strong>Praedicatorum</strong></span> <span class='ocrx_word' id='word_1_213' title='bbox 742 3687 962 3751; x_wconf 85' lang='lat' dir='ltr'><strong>canonizavit</strong></span> <span class='ocrx_word' id='word_1_214' title='bbox 984 3693 1139 3750; x_wconf 87' lang='lat' dir='ltr'><strong>sanctam</strong></span> 
     </span>
    </p>
   </div>
   <div class='ocr_carea' id='block_1_6' title="bbox 184 3944 1046 4279">
    <p class='ocr_par' dir='ltr' id='par_1_6' title="bbox 185 3944 1046 4151">
     <span class='ocr_line' id='line_1_34' title="bbox 225 3944 653 3998; baseline -0.009 -1"><span class='ocrx_word' id='word_1_215' title='bbox 225 3944 234 3977; x_wconf 90' lang='lat'>¹</span> <span class='ocrx_word' id='word_1_216' title='bbox 248 3947 280 3997; x_wconf 90' lang='lat' dir='ltr'><strong>In</strong></span> <span class='ocrx_word' id='word_1_217' title='bbox 290 3947 334 3996; x_wconf 88' lang='lat' dir='ltr'><strong>the</strong></span> <span class='ocrx_word' id='word_1_218' title='bbox 344 3947 387 3997; x_wconf 90' lang='lat' dir='ltr'><strong>old</strong></span> <span class='ocrx_word' id='word_1_219' title='bbox 398 3949 483 3998; x_wconf 85' lang='lat' dir='ltr'><strong>shrine</strong></span> <span class='ocrx_word' id='word_1_220' title='bbox 491 3948 533 3996; x_wconf 83' lang='lat' dir='ltr'><strong>the</strong></span> <span class='ocrx_word' id='word_1_221' title='bbox 544 3947 653 3995; x_wconf 84' lang='lat' dir='ltr'><strong>remaine</strong></span> 
     </span>
     <span class='ocr_line' id='line_1_35' title="bbox 185 4008 1046 4078; baseline -0.006 -10"><span class='ocrx_word' id='word_1_222' title='bbox 185 4016 217 4068; x_wconf 76' lang='lat' dir='ltr'><strong>os</strong></span> <span class='ocrx_word' id='word_1_223' title='bbox 233 4016 323 4078; x_wconf 76' lang='lat' dir='ltr'><strong>fleury</strong></span> <span class='ocrx_word' id='word_1_224' title='bbox 346 4032 414 4067; x_wconf 82' lang='lat' dir='ltr'><strong>were</strong></span> <span class='ocrx_word' id='word_1_225' title='bbox 436 4016 588 4067; x_wconf 76' lang='lat' dir='ltr'><strong>afterwards</strong></span> <span class='ocrx_word' id='word_1_226' title='bbox 609 4016 653 4064; x_wconf 85' lang='lat' dir='ltr'><strong>de·</strong></span> <span class='ocrx_word' id='word_1_227' title='bbox 715 4008 985 4073; x_wconf 78' lang='lat' dir='ltr'><strong>’‘deruismeritis3’</strong></span> <span class='ocrx_word' id='word_1_228' title='bbox 998 4014 1046 4063; x_wconf 78' lang='lat' dir='ltr'><strong>Ar.</strong></span> 
     </span>
     <span class='ocr_line' id='line_1_36' title="bbox 185 4086 511 4151; baseline -0.006 -15"><span class='ocrx_word' id='word_1_229' title='bbox 185 4086 305 4151; x_wconf 73' lang='lat' dir='ltr'><strong>positedr</strong></span> <span class='ocrx_word' id='word_1_230' title='bbox 323 4088 421 4151; x_wconf 76' lang='lat' dir='ltr'><strong>wileo,</strong></span> <span class='ocrx_word' id='word_1_231' title='bbox 432 4102 459 4148; x_wconf 85' lang='lat' dir='ltr'><strong>p.</strong></span> <span class='ocrx_word' id='word_1_232' title='bbox 470 4091 511 4136; x_wconf 79' lang='grc'><strong>98.</strong></span> 
     </span>
    </p>

    <p class='ocr_par' dir='ltr' id='par_1_7' title="bbox 184 4146 1024 4279">
     <span class='ocr_line' id='line_1_37' title="bbox 221 4146 1024 4210; baseline -0.012 -2"><span class='ocrx_word' id='word_1_233' title='bbox 221 4155 232 4184; x_wconf 84' lang='lat'>²</span> <span class='ocrx_word' id='word_1_234' title='bbox 247 4160 295 4207; x_wconf 81' lang='lat' dir='ltr'><strong>‘et</strong></span> <span class='ocrx_word' id='word_1_235' title='bbox 305 4153 434 4207; x_wconf 80' lang='lat' dir='ltr'><strong>Susexiae&#39;</strong></span> <span class='ocrx_word' id='word_1_236' title='bbox 450 4172 492 4205; x_wconf 83' lang='lat' dir='ltr'><strong>ure</strong></span> <span class='ocrx_word' id='word_1_237' title='bbox 506 4153 609 4203; x_wconf 83' lang='lat' dir='ltr'><strong>omitted</strong></span> <span class='ocrx_word' id='word_1_238' title='bbox 627 4154 652 4201; x_wconf 89' lang='lat' dir='ltr'><strong>iu</strong></span> <span class='ocrx_word' id='word_1_239' title='bbox 713 4152 722 4181; x_wconf 82' lang='lat'><strong>⁴</strong></span> <span class='ocrx_word' id='word_1_240' title='bbox 739 4154 780 4200; x_wconf 84' lang='lat' dir='ltr'><strong>‘ei</strong></span> <span class='ocrx_word' id='word_1_241' title='bbox 792 4159 912 4201; x_wconf 78' lang='lat' dir='ltr'><strong>eventura</strong></span> <span class='ocrx_word' id='word_1_242' title='bbox 922 4146 936 4210; x_wconf 86' lang='lat'><strong>;&#39;</strong></span> <span class='ocrx_word' id='word_1_243' title='bbox 957 4150 1024 4199; x_wconf 78' lang='lat' dir='ltr'><strong>D’A.</strong></span> 
     </span>
     <span class='ocr_line' id='line_1_38' title="bbox 184 4226 351 4279; baseline 0 -2"><span class='ocrx_word' id='word_1_244' title='bbox 184 4226 289 4279; x_wconf 61' lang='lat' dir='ltr'><strong>Manu</strong></span> <span class='ocrx_word' id='word_1_245' title='bbox 304 4226 351 4277; x_wconf 77' lang='lat' dir='ltr'><strong>Ar.</strong></span> 
     </span>
    </p>
   </div>
   <div class='ocr_carea' id='block_1_7' title="bbox 970 4326 992 4373">
    <p class='ocr_par' dir='ltr' id='par_1_8' title="bbox 970 4326 992 4373">
     <span class='ocr_line' id='line_1_39' title="bbox 970 4326 992 4373; baseline 0 0"><span class='ocrx_word' id='word_1_246' title='bbox 970 4326 992 4373; x_wconf 87' lang='lat' dir='ltr'><strong>&#39;l&#39;</strong></span> 
     </span>
    </p>
   </div>
   <div class='ocr_carea' id='block_1_8' title="bbox 0 0 1474 4950">
    <p class='ocr_par' dir='ltr' id='par_1_9' title="bbox 0 0 1474 4950">
     <span class='ocr_line' id='line_1_40' title="bbox 0 0 1474 4950; baseline 0 2"><span class='ocrx_word' id='word_1_247' title='bbox 0 0 1474 4950; x_wconf 95' lang='lat' dir='ltr'><strong> </strong></span> 
     </span>
    </p>
   </div>
  </div>
 </body>
</html>
