2940 4950
334 445 401 512 388
695 463 770 511 ruo.
787 461 936 511 rnivn‘u
1007 515 1012 532 1

175 637 283 682 usuc·
338 628 439 686 cante
468 619 591 684 deinde
619 638 727 702 regno
757 619 896 697 Scotiae,
925 639 987 702 per
1011 626 1157 684 mortem
1179 617 1288 683 Alex·

174 690 282 789 {diligis
339 721 439 785 andri
467 720 558 801 regis
588 719 694 796 illius,
720 726 756 784 et
783 720 1035 803 subsequenter
1057 739 1120 802 per
1144 728 1288 783 mortem

341 821 551 901 Margaretae
578 817 733 902 ejusdem
758 818 885 883 Scotiae
912 819 1043 901 reginas
1072 825 1108 883 ct
1131 817 1289 894 dominae,

340 919 517 1002 proneptis
535 927 675 995 nostrae,
699 919 864 1001 episcopi,
886 919 1042 995 abbates,
1066 917 1211 1000 prioreS,
1236 937 1290 981 co-

341 1019 441 1083 mites
475 1025 510 1081 et
540 1017 700 1094 barones,
730 1036 890 1100 proceres
923 1025 958 1082 et
1001 1018 1107 1081 ceteri
1145 1016 1290 1093 nobiles,

341 1124 378 1181 et
409 1117 672 1181 communitates
709 1116 816 1181 totius
848 1116 947 1199 regni
979 1116 1118 1193 Scotiae,
1151 1115 1196 1180 ad
1228 1134 1290 1181 nos

342 1223 509 1298 tauquam
529 1214 573 1280 ad
597 1214 822 1292 defensorem,
845 1214 979 1292 ducem,
999 1216 1171 1296 aurigam,
1196 1216 1290 1297 capi-

343 1322 496 1391 taneum,
524 1322 559 1378 et
589 1313 764 1378 dominum
792 1314 976 1396 capitalem
1011 1313 1165 1398 ejusdem
1194 1315 1289 1396 regni

343 1414 394 1479 sic
419 1414 589 1490 vacantis,
615 1414 725 1494 gratis
752 1419 788 1477 et
812 1420 1006 1496 spontanea
1032 1413 1215 1478 voluntate
1236 1432 1291 1478 ac·

343 1513 516 1590 cedentes,
531 1520 634 1594 prout
648 1513 854 1577 tenebantur
872 1511 915 1576 de
932 1512 1024 1597 jure,
1038 1512 1099 1596 jus
1122 1519 1290 1589 nostrum,

343 1612 602 1693 progenitorum
626 1617 662 1676 et
686 1618 954 1689 antecessorum,
977 1631 1018 1676 ac
1039 1613 1290 1694 possessionem

343 1711 530 1793 superioris
562 1717 598 1774 et
631 1710 752 1776 directi
784 1710 925 1774 dominii
957 1711 992 1773 in
1023 1730 1131 1792 regno
1161 1711 1291 1788 eodem,

343 1816 379 1872 et
402 1809 511 1891 ipsius
536 1810 635 1890 regni
663 1810 923 1895 subjectionem,
944 1829 990 1874 ex
1013 1818 1109 1875 certa
1134 1810 1289 1888 scientia,

330 1928 441 1995 pure,
463 1908 677 1990 simpliciter,
704 1918 739 1974 et
761 1909 919 1974 absolute
939 1916 1231 1991 recognoverunt;
1257 1918 1292 1974 et

344 2008 510 2089 praestitis
535 2008 579 2071 ab
603 2009 653 2072 eis
678 2008 788 2086 nobis,
812 2016 977 2091 tanquam
1000 2008 1171 2091 superiori
1189 2016 1226 2074 et
1243 2008 1293 2072 di-

345 2116 439 2172 recto
466 2106 604 2171 domino
630 2107 767 2182 Scotiae,
798 2105 922 2172 debitis
952 2116 987 2172 et
1010 2109 1186 2172 consuetis
1212 2108 1292 2173 fide·

344 2206 453 2271 litatis
476 2207 696 2291 juramentis,
722 2224 763 2270 ac
789 2207 1001 2285 civitatibus,
1025 2208 1159 2289 burgis,
1187 2208 1290 2285 villis,

344 2306 481 2382 castris,
509 2312 544 2370 et
570 2305 695 2369 ceteris
719 2298 981 2370 ¹mansionibus
1012 2305 1169 2391 ejusdem
1195 2308 1292 2389 regni

344 2406 380 2468 in
405 2424 544 2469 manum
568 2411 720 2468 nostram
745 2403 893 2483 traditis,
919 2405 963 2469 ad
988 2405 1182 2470 custodiam
1204 2406 1292 2490 ejus·

345 2504 421 2568 dem
449 2504 547 2585 regni
580 2510 695 2567 certos
722 2504 801 2587 jure
841 2513 961 2569 nostro
1002 2504 1098 2587 regio
1129 2503 1291 2569 officiales

344 2612 378 2668 et
407 2604 584 2666 ministros
610 2602 864 2685 deputavimus,
893 2604 1017 2685 quibus
1045 2604 1113 2686 ipsi
1141 2612 1292 2687 tempore

344 2703 535 2767 vacationis
557 2701 661 2785 hujus
683 2701 897 2767 concorditer
918 2703 1058 2767 fuerunt
1081 2704 1291 2780 obedientes,

343 2809 379 2865 et
405 2800 624 2865 intendentes
647 2801 750 2884 regiis
776 2803 903 2866 nostris
926 2803 1107 2886 praeceptis
1133 2810 1169 2867 et
1195 2823 1291 2867 man-

341 2899 444 2964 datis.

393 2999 644 3064 ‘Postmodum
669 3009 784 3066 autem
809 3000 954 3065 diversae
971 2995 1162 3084 2personae,
1187 3018 1292 3084 super

342 3098 560 3163 successione
584 3101 619 3162 in
638 3099 769 3166 dictum
786 3120 931 3183 regnum
950 3101 1077 3166 Scotiae
1099 3101 1181 3184 jure
1197 3100 1292 3165 hera-

341 3199 466 3263 ditario
494 3199 648 3262 interce
674 3199 932 3275 contendentes,
962 3199 1007 3264 ad
1034 3219 1097 3264 nos
1125 3207 1290 3282 tunquam

341 3299 385 3360 ad
416 3298 627 3381 superiorem
653 3296 829 3362 dominum
858 3299 956 3380 regui
984 3299 1111 3363 Scotiae
1136 3318 1290 3363 accesse-

340 3407 434 3474 runt,
458 3404 615 3480 petentes
641 3416 745 3479 super
772 3398 990 3462 successione
1012 3398 1109 3478 regni
1133 3397 1290 3480 praedicti

340 3497 406 3559 sibi
437 3517 499 3579 per
529 3515 593 3558 nos
624 3496 778 3560 exbiberi
798 3497 947 3580 justitiae
980 3496 1290 3579 complementum

339 3595 494 3659 volentes
516 3602 551 3658 et
575 3614 739 3677 expresse
761 3596 1016 3661 consentientes
1041 3615 1157 3660 coram
1181 3596 1290 3674 nobis,

338 3700 506 3777 tanquam
533 3713 649 3756 coram
675 3695 843 3777 superiori
869 3702 904 3759 et
926 3695 1055 3759 directo
1080 3694 1233 3773 domiuo,
1254 3696 1290 3758 in

339 3794 495 3857 omnibus
524 3792 724 3857 ordinandis
749 3802 844 3858 stare
873 3802 910 3858 et
935 3795 1185 3876 obtemperare.
1237 3792 1290 3858 Ac

338 3891 473 3955 demum
492 3890 706 3974 judicialiter
728 3894 916 3976 propositis
939 3901 974 3957 et
999 3891 1208 3958 sufficienter
1230 3913 1291 3958 au·

370 4160 378 4191 ¹
395 4162 595 4211 ‘munitionibus
602 4157 616 4221 ;'
626 4162 700 4212 Matt.
707 4162 797 4213 wast:
856 4160 868 4193 ¹
884 4164 893 4192 ‘
901 4159 1018 4226 partes3'
1032 4158 1101 4213 D'A.

334 4229 418 4279 which
431 4232 493 4281 Hali
508 4245 633 4292 approves
644 4231 678 4280 of.
