2940 4950
569 456 751 506 Anninus.
1069 445 1135 510 409

185 612 228 675 de
246 611 357 690 Brus;
382 619 417 674 et
434 611 499 675 hoc
522 612 661 695 expleto
686 631 861 695 nunquam
884 621 1004 677 contra
1019 613 1135 677 Chris-

187 711 300 774 tianos
330 730 426 774 arma
453 719 618 792 portaret,
649 712 708 775 sed
737 713 772 776 in
803 712 946 775 Terram
972 713 1133 777 Sanctam

185 811 259 873 sine
290 810 401 873 reditu
429 809 592 890 dirigeret
620 812 685 874 iter
710 831 822 875 suum.
888 812 998 876 Vovit
1021 821 1134 876 autem
1149 836 1280 877 ‚tursum

187 910 278 990 regis
304 909 406 985 filius
431 910 522 991 quod
550 929 725 992 nunquam
751 910 839 974 duas
866 920 983 974 noctes
1005 911 1041 974 in
1067 887 1299 978 unoffliffi.d⁰“

186 1007 263 1072 loco
280 1015 483 1085 moraretur,
501 1028 680 1091 quousque
696 1020 953 1091 prosecuturus,
970 1018 1137 1091 quantum

186 1108 222 1171 in
247 1107 323 1190 ipso
347 1115 433 1184 erat,
458 1115 575 1171 votum
601 1116 793 1190 paternum,
821 1109 858 1170 in
884 1109 1035 1173 Scotiam
1062 1129 1137 1191 per·

190 1207 334 1270 veniret.
391 1206 591 1270 Ceterorum
609 1217 691 1270 vota
708 1206 854 1270 militum
871 1209 1043 1273 memoriae
1070 1228 1139 1272 non

187 1312 383 1370 occurrunt.

239 1404 443 1482 Edwardus,
461 1405 552 1469 filius
577 1407 668 1487 regis
685 1405 837 1487 Angiiae,
855 1426 931 1471 cum
955 1426 1139 1476 numerosa
1151 1431 1279 1480 voungnn.

189 1504 356 1568 societate
369 1504 536 1587 juvenum
561 1505 725 1569 nobilium
748 1506 890 1571 infesto
913 1482 1288 1572 Pentecostesiiissidtn

190 1603 379 1667 Loudoniis
394 1623 416 1667 a
432 1613 531 1687 patre
558 1605 763 1669 militaribus
786 1607 891 1670 armis
913 1607 1045 1671 cinctus
1063 1582 1296 1687 est320¹2¹2⁸131⁸¹m³

189 1703 312 1766 deinde
332 1722 408 1767 cum
435 1703 655 1768 multitudine
682 1706 831 1769 tironum
857 1707 1008 1771 Scotiam
1031 1681 1258 1769 conti-swumd'

190 1803 306 1866 nuatis
324 1794 441 1867 ¹dietis
463 1804 651 1880 contendit,
669 1805 713 1868 ad
739 1807 991 1887 reprimendum
1015 1814 1141 1870 conata

191 1900 337 1965 Roberti
375 1902 417 1965 de
457 1903 560 1979 BruS‚
597 1904 767 1968 invasoris
806 1906 909 1985 regiae
948 1905 1141 1986 dignitatis.

191 2000 448 2065 Praecesserant
468 2022 550 2067 vero
574 2022 651 2065 eum
676 2001 880 2084 Aymericus
906 2005 949 2067 de
966 2003 1140 2068 Valentiis

190 2120 304 2164 comes
322 2101 559 2178 Penbrochiae',
578 2101 754 2179 Robertus
771 2103 813 2165 de
825 2102 1025 2179 Clifford,et
1040 2102 1139 2165 Hen-

189 2200 281 2263 rieus
298 2200 341 2264 de
359 2200 472 2278 Perci,
482 2200 584 2263 'missi
600 2219 715 2282 arege
732 2221 809 2264 cum
825 2220 928 2264 manu
945 2209 1079 2264 armata
1096 2200 1139 2264 ad

191 2300 290 2363 novis
307 2300 455 2365 motibus
471 2298 710 2364 resistendum.
750 2293 852 2381 ²Ipse
870 2320 951 2363 vero
968 2320 1029 2363 rex
1046 2300 1140 2363 leuto
1153 2322 1259 2371 Thektng

191 2399 302 2479 gradu
336 2406 487 2474 secutus,
520 2406 773 2462 convocaverat
806 2399 1007 2476 exercitum,
1038 2372 1242 2481 quemiiffi'ii‘

192 2498 284 2579 apud
302 2497 497 2560 Karliolum
511 2497 619 2579 jussit
643 2516 718 2560 esse
733 2506 892 2580 paratum
909 2499 945 2561 in
969 2499 1141 2581 quindena
1154 2472 1259 2561 ἷῖιῖιεῗιῖ..

192 2596 229 2659 S.
251 2594 399 2659 Joannis
427 2596 598 2677 Baptista¹
623 2597 660 2659 in
680 2616 859 2660 occursum
886 2598 947 2661 filii
971 2599 1037 2675 sui,
1063 2617 1142 2660 cum

192 2695 312 2759 eodem
340 2695 484 2758 ulterius
501 2715 774 2777 progressurum.
826 2691 989 2760 ³Interim
1007 2697 1141 2763 Rober·

192 2802 249 2859 tus
277 2794 320 2859 de
346 2795 438 2860 Brus
462 2795 631 2858 circuiens
656 2803 793 2873 terram,
817 2804 852 2860 et
870 2796 1031 2878 homagia
1057 2795 1142 2858 mul-

193 2904 304 2958 torum
346 2895 527 2976 recipiens,
563 2895 756 2960 coadunato
799 2895 953 2960 exercitu
992 2896 1142 2979 copioso,

193 2995 485 3077 appropinquavit
507 2994 551 3057 ad
575 2995 691 3058 villam
709 2988 839 3060 ⁴sancti
855 2995 878 3059 J
882 2997 1015 3072 oannis
1033 2996 1069 3059 in
1086 3014 1145 3060 cu-

191 3093 250 3176 jus
281 3093 477 3175 praesidium
508 3111 616 3173 nuper
646 3095 835 3157 advenerat
867 3093 1071 3177 Aymericus
1101 3094 1144 3158 de

194 3191 377 3257 Valentiis.
423 3191 567 3274 Equites
583 3200 698 3255 autem
717 3192 898 3256 Scotorum
912 3213 1031 3257 omnes
1046 3194 1144 3256 lineis

194 3310 298 3374 super
314 3310 410 3355 arma
426 3311 501 3368 sua,
517 3285 576 3354 ⁵ne
599 3291 886 3368 discernerentur,
912 3291 1023 3355 induti
1046 3299 1145 3354 erant

196 3409 240 3454 ex
265 3391 367 3474 jussu
398 3391 562 3473 principis
590 3390 643 3454 sui
671 3391 762 3455 novi.
825 3390 1001 3454 Invitatus
1033 3391 1077 3453 ab
1103 3410 1144 3453 eo

196 3489 399 3572 Aymericus
417 3491 460 3554 de
478 3509 665 3571 congressu
690 3490 879 3575 respondit,
898 3490 988 3572 quod
1008 3508 1085 3553 cum
1104 3509 1144 3553 eo

230 3712 237 3745 ¹
255 3714 317 3762 This
332 3713 403 3762 word
414 3714 437 3761 is
451 3712 514 3761 from
530 3711 577 3762 Ar.
593 3716 658 3772 22⁰;
683 3714 820 3774 prioratum
833 3715 857 3761 in
870 3714 1092 3775 marchiaSeotiae‚
1103 3717 1148 3776 qui

197 3784 239 3834 the
250 3784 321 3834 other
333 3785 408 3834 MSS.
420 3783 485 3832 have
496 3777 619 3833 ‘diebun’
684 3783 855 3832 Leuderecost
879 3784 982 3847 dicitur,
1008 3784 1148 3846 declinans,

685 3853 776 3901 mansit
793 3853 886 3902 ibidem
902 3859 954 3903 toto
970 3859 1080 3916 tempore
1095 3855 1148 3904 hie·

230 3922 240 3951 ²
256 3925 328 3971 ‘Rex
343 3927 428 3971 autem
440 3922 496 3983 ipse
507 3936 589 3982 usque
601 3922 660 3970 Sco·
685 3923 744 3971 mali
752 3918 767 3981 ;'
779 3923 817 3971 M.

196 3995 257 4042 tiam
276 4008 333 4042 cum
353 3994 379 4041 in
400 3993 491 4041 lectica
513 3991 660 4052 deportatus
721 3988 731 4018 ³
746 3992 860 4040 ‘lterum
871 3985 886 4051 ;’
900 3992 959 4038 Cori.
971 3991 1036 4052 Reg.

198 4065 340 4112 Eboracum
362 4062 502 4123 mansisset,
518 4063 597 4121 coepit
615 4062 661 4121 dy·
720 4057 729 4087 ⁴
746 4061 812 4108 ‘Sti
824 4060 931 4108 ioannis
942 4059 974 4107 de
987 4061 1049 4108 Pert
1058 4055 1072 4119 ;'
1085 4061 1124 4109 M.

198 4134 309 4182 cauteria
327 4133 458 4190 taboram
475 4131 660 4191 propterquod
721 4127 822 4189 ³‘ut3'
848 4130 901 4177 M.:
931 4129 1014 4177 which
1043 4130 1148 4190 reading

196 4203 322 4264 quendem
331 4202 468 4263 Nigrorum
477 4200 661 4251 canonicorum
688 4194 847 4250 D’Acherius
858 4214 982 4260 approves
992 4198 1027 4249 os.
