2948 4942
337 457 381 521 70
686 466 759 514 ruo.
782 464 931 513 sarvam

340 623 473 706 glorum
494 623 652 708 junioris,
676 622 828 706 perrexit
844 620 1039 686 Jerusalem
1061 639 1140 685 cum
1165 640 1299 704 magno

178 742 284 791 Tbekinss
340 723 486 787 militum
513 724 690 787 comitatu.
743 722 830 787 Post
857 720 995 785 Pascha
1022 740 1085 785 rex
1116 722 1299 786 Henricus

176 791 328 833 sweanbeiore
406 823 412 836 ,

177 843 312 942 &affin
340 842 467 900 semor,
497 823 641 886 audiens
671 822 807 903 legatos
840 821 927 885 duos
960 840 1004 886 ex
1033 827 1134 903 parte
1163 820 1299 885 domini

178 941 332 1033 gggnfflor
342 942 442 1004 papae
458 923 501 986 ad
520 943 557 986 se
575 924 708 999 missos,
728 916 958 986 ¹Theodinum
975 919 1204 985 Portuensem
1223 921 1300 1005 epi·

178 1053 285 1081 aarum·
342 1041 484 1104 scopum
507 1029 542 1086 et
565 1021 745 1086 Albertum
777 1021 946 1086 Romanae
972 1019 1127 1085 ecclesiae
1154 1022 1302 1105 presby·

177 1091 321 1182 ffli‘iii'nh'
344 1129 453 1185 terum
477 1122 684 1185 cardinalem
703 1128 738 1185 et
757 1120 1011 1199 cancellarium,
1037 1119 1220 1203 dispositis
1244 1141 1301 1186 re·

178 1192 308 1241 *mmm
343 1223 408 1285 bus
431 1221 622 1298 Hiberniae,
646 1242 723 1286 cum
746 1221 921 1285 celeritate
937 1218 1033 1283 venit
1054 1219 1090 1282 in
1108 1216 1302 1302 Angliam3

344 1329 390 1399 et,
406 1321 485 1386 inde
501 1323 642 1386 veniens
668 1322 703 1384 in
728 1318 991 1395 Normauuiam,
1007 1318 1195 1400 praemissis
1214 1321 1304 1386 viris

343 1422 612 1499 honorabilibus,
638 1421 748 1504 primo
779 1419 951 1483 allocutus
976 1424 1030 1481 est
1056 1417 1194 1499 legatos
1220 1412 1304 1487 'Sa-

344 1523 482 1601 vigneii‚
505 1522 628 1586 deinde
648 1520 819 1596 Abrincis,
841 1518 945 1583 tertio
971 1518 1063 1600 apud
1092 1516 1305 1601 Cadomum,

345 1622 403 1683 ubi
433 1641 539 1684 causa
569 1621 629 1684 illa
662 1621 760 1684 finita
791 1625 855 1695 est,
881 1618 1023 1702 jurante
1046 1638 1127 1700 rege
1153 1618 1302 1686 beatum

344 1727 530 1800 martyrem
553 1719 721 1784 Thomam
744 1740 807 1784 uec
830 1719 872 1782 de
895 1718 1070 1795 mandato,
1092 1737 1156 1784 nec
1177 1717 1223 1783 de
1243 1741 1304 1788 vo·

344 1808 479 1882 luntote
509 1838 573 1882 sua
606 1820 768 1896 occisum,
796 1825 835 1882 ut
863 1825 1034 1882 testantur
1061 1817 1188 1883 litterae
1213 1824 1304 1903 pub·

345 1918 421 1981 licae
447 1918 489 1981 de
515 1918 580 1982 boc
608 1913 727 1983 ³faoto.
775 1917 1089 2001 cognoveruntque
1110 1918 1235 2000 legati,
1263 1933 1305 1989 ut

346 2017 464 2081 scribit
499 2011 643 2082 *Petrus
682 2018 870 2094 BlesensiS,
906 2017 1151 2083 Bathoniensis
1185 2022 1306 2089 archi.

346 2116 521 2193 diaconus,
559 2119 789 2182 innocentiam
824 2118 900 2194 viri,
937 2127 1042 2200 atque
1076 2119 1140 2182 sub
1175 2123 1306 2190 umbra

345 2217 437 2281 illius
463 2237 484 2281 a
506 2218 711 2301 quibusdam
740 2225 947 2281 attentatum
977 2218 1095 2295 suisse,
1119 2226 1305 2307 totamque

346 2316 433 2380 banc
460 2319 675 2400 iniquitatem
705 2337 726 2380 a
756 2317 954 2381 sanctuario
979 2318 1200 2401 processisse.
1258 2325 1306 2391 Et

185 2439 255 2479 nur·
347 2417 423 2480 ideo
450 2418 492 2481 dc
515 2417 678 2480 mandato
701 2418 824 2480 summi
849 2417 1032 2499 pontificis,
1061 2428 1140 2501 post
1168 2440 1305 2507 purga-

184 2490 285 2590 iiiiii.
348 2515 474 2580 tionem
502 2518 700 2580 canonicam
732 2526 922 2599 acceptam,
949 2518 1084 2599 publice
1113 2526 1306 2591 sentcntia-

348 2625 483 2692 verunt,
515 2637 630 2697 regem
665 2618 709 2681 ab
740 2616 805 2680 hoc
839 2617 979 2681 crimine
1013 2619 1194 2685 innoxium
1225 2644 1306 2691 esse

347 2732 460 2776 coram
489 2715 568 2778 Duo
592 2724 627 2779 et
648 2716 864 2793 bominibus;
893 2722 928 2779 et
950 2716 985 2779 in
1008 2718 1174 2800 quosdam
1204 2742 1304 2808 mag-

348 2821 458 2892 nateS,
485 2835 630 2898 quorum
653 2816 819 2879 malitiam
843 2816 879 2878 in
907 2815 971 2880 hac
994 2825 1093 2900 parte
1117 2823 1304 2890 manifeste

346 2908 590 2992 ⁵convicerant,
608 2924 725 2979 notam
740 2915 890 2979 infamiae
906 2909 1147 2985 “retorserunt

186 3049 298 3096 nugam,
399 3016 544 3091 Deinde,
562 3015 604 3078 od
622 3016 833 3079 voluntatem
852 3015 943 3097 regis
963 3017 1189 3096 Francorum,
1206 3024 1304 3091 misit

187 3099 318 3193 iiiiii,
349 3134 410 3176 rex
439 3113 629 3195 Anglorum
665 3115 901 3195 Margaretam
929 3136 1073 3181 uxorem
1099 3119 1161 3183 filii
1187 3124 1245 3187 sui
1268 3125 1304 3189 in

185 3197 313 3237 ¹⁸⁰¹⁰'¹¹“¹'
349 3212 524 3295 Angliam,
547 3234 650 3296 quam
678 3235 740 3297 per
767 3235 903 3278 manum
931 3215 1224 3301 Rothomagensis
1250 3244 1306 3290 ar-

348 3313 555 3397 chiepiscopi
585 3316 665 3378 fecit
693 3315 827 3396 inungi,
852 3324 887 3379 et
912 3318 947 3379 in
978 3318 1132 3398 reginam
1157 3318 1303 3405 Angliae

347 3415 512 3477 coronari.
566 3415 667 3478 Circa
693 3415 817 3478 festum
846 3435 928 3478 vero
959 3415 994 3479 S.
1020 3416 1176 3498 Martini,
1199 3441 1308 3489 veno·

351 3522 431 3576 runt
448 3512 489 3577 de
507 3512 636 3594 Anglio
655 3514 828 3577 Henricus
852 3535 913 3578 rex
932 3515 1051 3598 junior
1073 3525 1107 3581 et
1125 3537 1216 3584 uxor
1239 3544 1306 3591 sua

352 3611 394 3672 ad
411 3631 526 3691 regem
541 3612 763 3689 Francorum,
781 3633 867 3695 quos
884 3615 943 3677 ille
961 3606 1213 3685 ⁷decentissime
1227 3644 1309 3691 sus·

352 3711 481 3791 cipiens
497 3710 678 3791 plurimum
698 3713 889 3779 honoravit.

391 3899 396 3926 ¹
409 3903 416 3929 ‘
428 3902 599 3951 Theodonium
610 3898 625 3962 ;’
645 3903 711 3954 Aa:
734 3904 813 3952 ‘The-
874 3903 883 3931 ⁴
895 3905 994 3966 Enoc.
1020 3908 1067 3956 See
1076 3908 1236 3972 theoriginai
1244 3916 1309 3966 oath

352 3972 438 4020 diuum
450 3967 465 4029 ;'
484 3974 560 4021 l'eter
578 3974 607 4022 oi
624 3975 703 4036 Blois,
719 3990 760 4036 ep.
771 3979 815 4037 66,
838 3976 863 4023 in
881 3974 1017 4038 Beronius,
1028 3979 1078 4027 vol.
1089 3979 1143 4028 xix.
1155 3994 1181 4040 p.
1193 3984 1256 4046 898,
1272 3988 1308 4037 ad

352 4043 393 4092 cd.
407 4047 478 4092 1519.
837 4060 895 4093 ann.
910 4049 982 4094 1172.

386 4111 397 4143 ²
407 4115 414 4141 ‘
424 4115 552 4176 Savigenii
562 4110 577 4176 ;’
602 4116 661 4164 (ini.
677 4115 739 4173 Reg.
874 4113 900 4143 ³‘
910 4122 1079 4177 cognoverant
1088 4117 1105 4173 ;'
1114 4119 1153 4169 Μ.
1163 4124 1189 4168 et
1196 4122 1247 4173 Ar.

385 4182 396 4215 ³
407 4185 495 4233 ‘sactae
506 4181 520 4239 ς’
538 4188 596 4233 (bo.
608 4186 687 4243 fleg:
705 4183 787 4232 ‘sacto
795 4179 810 4243 ;'
871 4182 899 4214 ⁶‘
910 4192 1075 4235 retrorserunt
1085 4181 1099 4243 ς’
1111 4188 1159 4238 Ar.

350 4254 482 4304 ltieirir.
820 4298 823 4309 ,
871 4251 1209 4316 7‘laetissirue;‘li1.oi.4r.
