<?xml version="1.0" encoding="UTF-8"?>
<!DOCTYPE html PUBLIC "-//W3C//DTD XHTML 1.0 Transitional//EN"
    "http://www.w3.org/TR/xhtml1/DTD/xhtml1-transitional.dtd">
<html xmlns="http://www.w3.org/1999/xhtml" xml:lang="en" lang="en">
 <head>
  <title>
</title>
<meta http-equiv="Content-Type" content="text/html;charset=utf-8" />
  <meta name='ocr-system' content='tesseract 3.04.00' />
  <meta name='ocr-capabilities' content='ocr_page ocr_carea ocr_par ocr_line ocrx_word'/>
</head>
<body>
  <div class='ocr_page' id='page_1' title='image "./fnicholaitrivet00trivgoog/fnicholaitrivet00trivgoog_0287.png"; bbox 0 0 2940 4950; ppageno 0'>
   <div class='ocr_carea' id='block_1_1' title="bbox 388 476 990 541">
    <p class='ocr_par' dir='ltr' id='par_1_1' title="bbox 388 476 990 541">
     <span class='ocr_line' id='line_1_1' title="bbox 388 476 990 541; baseline 0.003 -7"><span class='ocrx_word' id='word_1_1' title='bbox 388 476 455 541; x_wconf 75' lang='grc'><strong>254</strong></span> <span class='ocrx_word' id='word_1_2' title='bbox 755 490 830 539; x_wconf 75' lang='lat' dir='ltr'><strong>Nlo.</strong></span> <span class='ocrx_word' id='word_1_3' title='bbox 844 488 990 537; x_wconf 64' lang='lat' dir='ltr'><strong>valvum</strong></span> 
     </span>
    </p>
   </div>
   <div class='ocr_carea' id='block_1_2' title="bbox 388 642 1346 3893">
    <p class='ocr_par' dir='ltr' id='par_1_2' title="bbox 388 642 1346 3893">
     <span class='ocr_line' id='line_1_2' title="bbox 390 642 1344 733; baseline -0.009 -19"><span class='ocrx_word' id='word_1_4' title='bbox 390 649 549 733; x_wconf 84' lang='lat' dir='ltr'><strong>publicis,</strong></span> <span class='ocrx_word' id='word_1_5' title='bbox 580 658 652 714; x_wconf 89' lang='lat' dir='ltr'><strong>tam</strong></span> <span class='ocrx_word' id='word_1_6' title='bbox 691 651 783 732; x_wconf 89' lang='lat' dir='ltr'><strong>apud</strong></span> <span class='ocrx_word' id='word_1_7' title='bbox 821 648 1073 713; x_wconf 71' lang='lat' dir='ltr'><strong>Praedicator-es</strong></span> <span class='ocrx_word' id='word_1_8' title='bbox 1112 661 1217 730; x_wconf 80' lang='lat' dir='ltr'><strong>quani</strong></span> <span class='ocrx_word' id='word_1_9' title='bbox 1252 642 1344 725; x_wconf 86' lang='lat' dir='ltr'><strong>apud</strong></span> 
     </span>
     <span class='ocr_line' id='line_1_3' title="bbox 392 743 1344 830; baseline -0.007 -18"><span class='ocrx_word' id='word_1_10' title='bbox 392 749 559 825; x_wconf 85' lang='lat' dir='ltr'><strong>Minores,</strong></span> <span class='ocrx_word' id='word_1_11' title='bbox 585 749 678 830; x_wconf 88' lang='lat' dir='ltr'><strong>regis</strong></span> <span class='ocrx_word' id='word_1_12' title='bbox 711 748 851 830; x_wconf 82' lang='lat' dir='ltr'><strong>Angliae</strong></span> <span class='ocrx_word' id='word_1_13' title='bbox 893 746 1099 828; x_wconf 88' lang='lat' dir='ltr'><strong>comitisque</strong></span> <span class='ocrx_word' id='word_1_14' title='bbox 1144 743 1344 808; x_wconf 80' lang='lat' dir='ltr'><strong>Leicestriae</strong></span> 
     </span>
     <span class='ocr_line' id='line_1_4' title="bbox 390 842 1342 930; baseline -0.005 -20"><span class='ocrx_word' id='word_1_15' title='bbox 390 866 573 929; x_wconf 81' lang='lat' dir='ltr'><strong>processus</strong></span> <span class='ocrx_word' id='word_1_16' title='bbox 605 855 772 930; x_wconf 84' lang='lat' dir='ltr'><strong>gestaque</strong></span> <span class='ocrx_word' id='word_1_17' title='bbox 812 846 1014 922; x_wconf 81' lang='lat' dir='ltr'><strong>declaravit,</strong></span> <span class='ocrx_word' id='word_1_18' title='bbox 1048 845 1084 908; x_wconf 94' lang='lat' dir='ltr'><strong>in</strong></span> <span class='ocrx_word' id='word_1_19' title='bbox 1115 842 1342 908; x_wconf 87' lang='lat' dir='ltr'><strong>concordato-</strong></span> 
     </span>
     <span class='ocr_line' id='line_1_5' title="bbox 391 941 1344 1028; baseline -0.006 -19"><span class='ocrx_word' id='word_1_20' title='bbox 391 966 460 1009; x_wconf 89' lang='lat' dir='ltr'><strong>rem</strong></span> <span class='ocrx_word' id='word_1_21' title='bbox 493 946 706 1009; x_wconf 87' lang='lat' dir='ltr'><strong>amicabilem</strong></span> <span class='ocrx_word' id='word_1_22' title='bbox 741 947 905 1028; x_wconf 82' lang='lat' dir='ltr'><strong>pacisque</strong></span> <span class='ocrx_word' id='word_1_23' title='bbox 939 945 1104 1009; x_wconf 86' lang='lat' dir='ltr'><strong>arbitrum</strong></span> <span class='ocrx_word' id='word_1_24' title='bbox 1135 962 1174 1006; x_wconf 88' lang='lat' dir='ltr'><strong>se</strong></span> <span class='ocrx_word' id='word_1_25' title='bbox 1206 941 1344 1004; x_wconf 87' lang='lat' dir='ltr'><strong>admitti</strong></span> 
     </span>
     <span class='ocr_line' id='line_1_6' title="bbox 392 1039 1344 1128; baseline -0.006 -20"><span class='ocrx_word' id='word_1_26' title='bbox 392 1039 578 1128; x_wconf 90' lang='lat' dir='ltr'><strong>¹promisit.</strong></span> <span class='ocrx_word' id='word_1_27' title='bbox 618 1045 902 1110; x_wconf 88' lang='lat' dir='ltr'><strong>Assentientibus</strong></span> <span class='ocrx_word' id='word_1_28' title='bbox 919 1044 1037 1125; x_wconf 87' lang='lat' dir='ltr'><strong>itaqua</strong></span> <span class='ocrx_word' id='word_1_29' title='bbox 1051 1042 1223 1126; x_wconf 87' lang='lat' dir='ltr'><strong>partibus,</strong></span> <span class='ocrx_word' id='word_1_30' title='bbox 1238 1039 1344 1103; x_wconf 86' lang='lat' dir='ltr'><strong>sacta-</strong></span> 
     </span>
     <span class='ocr_line' id='line_1_7' title="bbox 390 1137 1343 1226; baseline -0.006 -19"><span class='ocrx_word' id='word_1_31' title='bbox 390 1163 459 1226; x_wconf 88' lang='lat' dir='ltr'><strong>que</strong></span> <span class='ocrx_word' id='word_1_32' title='bbox 489 1143 718 1208; x_wconf 86' lang='lat' dir='ltr'><strong>submissione</strong></span> <span class='ocrx_word' id='word_1_33' title='bbox 750 1143 823 1226; x_wconf 82' lang='lat' dir='ltr'><strong>regi</strong></span> <span class='ocrx_word' id='word_1_34' title='bbox 857 1142 1080 1218; x_wconf 82' lang='lat' dir='ltr'><strong>Francorum,</strong></span> <span class='ocrx_word' id='word_1_35' title='bbox 1110 1157 1173 1204; x_wconf 85' lang='lat' dir='ltr'><strong>rex</strong></span> <span class='ocrx_word' id='word_1_36' title='bbox 1204 1137 1343 1219; x_wconf 79' lang='lat' dir='ltr'><strong>Angliae</strong></span> 
     </span>
     <span class='ocr_line' id='line_1_8' title="bbox 392 1237 1343 1325; baseline -0.007 -19"><span class='ocrx_word' id='word_1_37' title='bbox 392 1248 428 1306; x_wconf 91' lang='lat' dir='ltr'><strong>et</strong></span> <span class='ocrx_word' id='word_1_38' title='bbox 456 1242 648 1306; x_wconf 85' lang='lat' dir='ltr'><strong>Edwardus</strong></span> <span class='ocrx_word' id='word_1_39' title='bbox 676 1242 768 1306; x_wconf 81' lang='lat' dir='ltr'><strong>tilius</strong></span> <span class='ocrx_word' id='word_1_40' title='bbox 792 1241 868 1325; x_wconf 90' lang='lat' dir='ltr'><strong>ejus</strong></span> <span class='ocrx_word' id='word_1_41' title='bbox 893 1259 970 1305; x_wconf 87' lang='lat' dir='ltr'><strong>cum</strong></span> <span class='ocrx_word' id='word_1_42' title='bbox 1004 1240 1158 1323; x_wconf 87' lang='lat' dir='ltr'><strong>praelatis</strong></span> <span class='ocrx_word' id='word_1_43' title='bbox 1186 1237 1343 1320; x_wconf 86' lang='lat' dir='ltr'><strong>plurimis</strong></span> 
     </span>
     <span class='ocr_line' id='line_1_9' title="bbox 392 1331 1342 1423; baseline -0.003 -21"><span class='ocrx_word' id='word_1_44' title='bbox 392 1341 491 1421; x_wconf 87' lang='lat' dir='ltr'><strong>regni</strong></span> <span class='ocrx_word' id='word_1_45' title='bbox 513 1340 718 1423; x_wconf 83' lang='lat' dir='ltr'><strong>Anglorum‚</strong></span> <span class='ocrx_word' id='word_1_46' title='bbox 738 1341 783 1405; x_wconf 87' lang='lat' dir='ltr'><strong>ad</strong></span> <span class='ocrx_word' id='word_1_47' title='bbox 805 1338 1010 1404; x_wconf 86' lang='lat' dir='ltr'><strong>audiendum</strong></span> <span class='ocrx_word' id='word_1_48' title='bbox 1032 1338 1163 1402; x_wconf 88' lang='lat' dir='ltr'><strong>dietum</strong></span> <span class='ocrx_word' id='word_1_49' title='bbox 1189 1345 1226 1401; x_wconf 88' lang='lat' dir='ltr'><strong>et</strong></span> <span class='ocrx_word' id='word_1_50' title='bbox 1249 1331 1342 1399; x_wconf 79' lang='lat' dir='ltr'><strong>&#39;lau-</strong></span> 
     </span>
     <span class='ocr_line' id='line_1_10' title="bbox 392 1436 1343 1521; baseline -0.005 -18"><span class='ocrx_word' id='word_1_51' title='bbox 392 1441 474 1503; x_wconf 93' lang='lat' dir='ltr'><strong>dum</strong></span> <span class='ocrx_word' id='word_1_52' title='bbox 496 1440 633 1521; x_wconf 83' lang='lat' dir='ltr'><strong>praesati</strong></span> <span class='ocrx_word' id='word_1_53' title='bbox 658 1440 761 1521; x_wconf 88' lang='lat' dir='ltr'><strong>regis,</strong></span> <span class='ocrx_word' id='word_1_54' title='bbox 787 1440 879 1504; x_wconf 89' lang='lat' dir='ltr'><strong>circa</strong></span> <span class='ocrx_word' id='word_1_55' title='bbox 900 1439 1024 1502; x_wconf 85' lang='lat' dir='ltr'><strong>festum</strong></span> <span class='ocrx_word' id='word_1_56' title='bbox 1048 1437 1085 1501; x_wconf 89' lang='lat' dir='ltr'><strong>S.</strong></span> <span class='ocrx_word' id='word_1_57' title='bbox 1100 1436 1277 1502; x_wconf 88' lang='lat' dir='ltr'><strong>Vincentii</strong></span> <span class='ocrx_word' id='word_1_58' title='bbox 1306 1455 1343 1499; x_wconf 88' lang='lat' dir='ltr'><strong>se</strong></span> 
     </span>
     <span class='ocr_line' id='line_1_11' title="bbox 396 1533 1341 1621; baseline -0.002 -21"><span class='ocrx_word' id='word_1_59' title='bbox 396 1537 539 1602; x_wconf 88' lang='lat' dir='ltr'><strong>Parisiis</strong></span> <span class='ocrx_word' id='word_1_60' title='bbox 569 1547 832 1621; x_wconf 85' lang='lat' dir='ltr'><strong>praesentarunt.</strong></span> <span class='ocrx_word' id='word_1_61' title='bbox 885 1536 1010 1601; x_wconf 87' lang='lat' dir='ltr'><strong>Comes</strong></span> <span class='ocrx_word' id='word_1_62' title='bbox 1026 1554 1108 1600; x_wconf 85' lang='lat' dir='ltr'><strong>vero</strong></span> <span class='ocrx_word' id='word_1_63' title='bbox 1133 1533 1341 1610; x_wconf 78' lang='lat' dir='ltr'><strong>Leicestriae,</strong></span> 
     </span>
     <span class='ocr_line' id='line_1_12' title="bbox 394 1631 1343 1720; baseline -0.004 -20"><span class='ocrx_word' id='word_1_64' title='bbox 394 1631 499 1720; x_wconf 82' lang='lat' dir='ltr'><strong>⁸[sive</strong></span> <span class='ocrx_word' id='word_1_65' title='bbox 521 1639 605 1719; x_wconf 88' lang='lat' dir='ltr'><strong>quia</strong></span> <span class='ocrx_word' id='word_1_66' title='bbox 630 1656 746 1718; x_wconf 88' lang='lat' dir='ltr'><strong>regern</strong></span> <span class='ocrx_word' id='word_1_67' title='bbox 781 1637 993 1701; x_wconf 86' lang='lat' dir='ltr'><strong>Francorum</strong></span> <span class='ocrx_word' id='word_1_68' title='bbox 1026 1641 1169 1717; x_wconf 86' lang='lat' dir='ltr'><strong>propter</strong></span> <span class='ocrx_word' id='word_1_69' title='bbox 1198 1640 1343 1697; x_wconf 88' lang='lat' dir='ltr'><strong>matrem</strong></span> 
     </span>
     <span class='ocr_line' id='line_1_13' title="bbox 393 1732 1345 1819; baseline -0.003 -21"><span class='ocrx_word' id='word_1_70' title='bbox 393 1736 470 1818; x_wconf 90' lang='lat' dir='ltr'><strong>ejus</strong></span> <span class='ocrx_word' id='word_1_71' title='bbox 492 1736 558 1798; x_wconf 88' lang='lat' dir='ltr'><strong>sibi</strong></span> <span class='ocrx_word' id='word_1_72' title='bbox 589 1735 753 1800; x_wconf 88' lang='lat' dir='ltr'><strong>offensam</strong></span> <span class='ocrx_word' id='word_1_73' title='bbox 779 1743 978 1819; x_wconf 89' lang='lat' dir='ltr'><strong>suspectum</strong></span> <span class='ocrx_word' id='word_1_74' title='bbox 1007 1733 1140 1811; x_wconf 89' lang='lat' dir='ltr'><strong>babuit,</strong></span> <span class='ocrx_word' id='word_1_75' title='bbox 1168 1733 1244 1797; x_wconf 87' lang='lat' dir='ltr'><strong>sive</strong></span> <span class='ocrx_word' id='word_1_76' title='bbox 1274 1732 1345 1796; x_wconf 87' lang='lat' dir='ltr'><strong>alia</strong></span> 
     </span>
     <span class='ocr_line' id='line_1_14' title="bbox 392 1831 1343 1917; baseline -0.003 -20"><span class='ocrx_word' id='word_1_77' title='bbox 392 1835 436 1897; x_wconf 90' lang='lat' dir='ltr'><strong>de</strong></span> <span class='ocrx_word' id='word_1_78' title='bbox 461 1852 567 1897; x_wconf 88' lang='lat' dir='ltr'><strong>causa</strong></span> <span class='ocrx_word' id='word_1_79' title='bbox 590 1855 658 1898; x_wconf 92' lang='lat' dir='ltr'><strong>non</strong></span> <span class='ocrx_word' id='word_1_80' title='bbox 682 1835 769 1898; x_wconf 90' lang='lat' dir='ltr'><strong>satis</strong></span> <span class='ocrx_word' id='word_1_81' title='bbox 792 1843 886 1911; x_wconf 89' lang='lat' dir='ltr'><strong>nota,</strong></span> <span class='ocrx_word' id='word_1_82' title='bbox 907 1833 1127 1917; x_wconf 68' lang='lat' dir='ltr'><strong>praesentiam</strong></span> <span class='ocrx_word' id='word_1_83' title='bbox 1145 1850 1244 1895; x_wconf 90' lang='lat' dir='ltr'><strong>suam</strong></span> <span class='ocrx_word' id='word_1_84' title='bbox 1264 1831 1343 1895; x_wconf 83' lang='lat' dir='ltr'><strong>sub</strong></span> 
     </span>
     <span class='ocr_line' id='line_1_15' title="bbox 394 1930 1346 2016; baseline -0.003 -20"><span class='ocrx_word' id='word_1_85' title='bbox 394 1932 544 2007; x_wconf 90' lang='lat' dir='ltr'><strong>trahens,</strong></span> <span class='ocrx_word' id='word_1_86' title='bbox 562 1934 598 1996; x_wconf 95' lang='lat' dir='ltr'><strong>in</strong></span> <span class='ocrx_word' id='word_1_87' title='bbox 622 1933 753 2015; x_wconf 89' lang='lat' dir='ltr'><strong>Anglia</strong></span> <span class='ocrx_word' id='word_1_88' title='bbox 771 1935 991 2016; x_wconf 88' lang='lat' dir='ltr'><strong>prosequitur</strong></span> <span class='ocrx_word' id='word_1_89' title='bbox 1002 1932 1178 1996; x_wconf 88' lang='lat' dir='ltr'><strong>inchoata.</strong></span> <span class='ocrx_word' id='word_1_90' title='bbox 1230 1930 1346 2012; x_wconf 81' lang='lat' dir='ltr'><strong>Igitur</strong></span> 
     </span>
     <span class='ocr_line' id='line_1_16' title="bbox 393 2029 1345 2113; baseline 0 -20"><span class='ocrx_word' id='word_1_91' title='bbox 393 2050 438 2094; x_wconf 86' lang='lat' dir='ltr'><strong>ex</strong></span> <span class='ocrx_word' id='word_1_92' title='bbox 461 2038 544 2094; x_wconf 89' lang='lat' dir='ltr'><strong>tunc</strong></span> <span class='ocrx_word' id='word_1_93' title='bbox 569 2032 730 2113; x_wconf 85' lang='lat' dir='ltr'><strong>Rogems</strong></span> <span class='ocrx_word' id='word_1_94' title='bbox 752 2033 795 2096; x_wconf 91' lang='lat' dir='ltr'><strong>de</strong></span> <span class='ocrx_word' id='word_1_95' title='bbox 817 2031 1076 2108; x_wconf 88' lang='lat' dir='ltr'><strong>Mortuo-mari,</strong></span> <span class='ocrx_word' id='word_1_96' title='bbox 1099 2030 1136 2094; x_wconf 91' lang='lat' dir='ltr'><strong>iu</strong></span> <span class='ocrx_word' id='word_1_97' title='bbox 1152 2029 1257 2094; x_wconf 88' lang='lat' dir='ltr'><strong>rebus</strong></span> <span class='ocrx_word' id='word_1_98' title='bbox 1272 2029 1345 2093; x_wconf 88' lang='lat' dir='ltr'><strong>bel·</strong></span> 
     </span>
     <span class='ocr_line' id='line_1_17' title="bbox 394 2128 1341 2215; baseline 0.001 -23"><span class='ocrx_word' id='word_1_99' title='bbox 394 2129 468 2193; x_wconf 91' lang='lat' dir='ltr'><strong>licis</strong></span> <span class='ocrx_word' id='word_1_100' title='bbox 492 2131 590 2194; x_wconf 89' lang='lat' dir='ltr'><strong>miles</strong></span> <span class='ocrx_word' id='word_1_101' title='bbox 609 2140 786 2214; x_wconf 68' lang='lat' dir='ltr'><strong>asportor,</strong></span> <span class='ocrx_word' id='word_1_102' title='bbox 812 2131 942 2213; x_wconf 70' lang='lat' dir='ltr'><strong>praedia</strong></span> <span class='ocrx_word' id='word_1_103' title='bbox 965 2130 1101 2194; x_wconf 89' lang='lat' dir='ltr'><strong>comitis</strong></span> <span class='ocrx_word' id='word_1_104' title='bbox 1127 2128 1341 2215; x_wconf 81' lang='lat' dir='ltr'><strong>Leicestriae]</strong></span> 
     </span>
     <span class='ocr_line' id='line_1_18' title="bbox 391 2227 1342 2313; baseline 0.001 -23"><span class='ocrx_word' id='word_1_105' title='bbox 391 2227 565 2293; x_wconf 88' lang='lat' dir='ltr'><strong>dominica</strong></span> <span class='ocrx_word' id='word_1_106' title='bbox 581 2232 689 2312; x_wconf 84' lang='lat' dir='ltr'><strong>coepit</strong></span> <span class='ocrx_word' id='word_1_107' title='bbox 707 2230 911 2313; x_wconf 66' lang='lat' dir='ltr'><strong>depraedari.</strong></span> <span class='ocrx_word' id='word_1_108' title='bbox 948 2228 1081 2293; x_wconf 83' lang='lat' dir='ltr'><strong>Contra</strong></span> <span class='ocrx_word' id='word_1_109' title='bbox 1097 2247 1200 2311; x_wconf 86' lang='lat' dir='ltr'><strong>qnam</strong></span> <span class='ocrx_word' id='word_1_110' title='bbox 1214 2247 1342 2305; x_wconf 84' lang='lat' dir='ltr'><strong>comcs,</strong></span> 
     </span>
     <span class='ocr_line' id='line_1_19' title="bbox 392 2326 1346 2411; baseline 0.001 -22"><span class='ocrx_word' id='word_1_111' title='bbox 392 2326 557 2409; x_wconf 90' lang='lat' dir='ltr'><strong>adjuncto</strong></span> <span class='ocrx_word' id='word_1_112' title='bbox 583 2329 649 2392; x_wconf 87' lang='lat' dir='ltr'><strong>sibi</strong></span> <span class='ocrx_word' id='word_1_113' title='bbox 674 2329 827 2411; x_wconf 87' lang='lat' dir='ltr'><strong>principe</strong></span> <span class='ocrx_word' id='word_1_114' title='bbox 850 2328 1001 2405; x_wconf 81' lang='lat' dir='ltr'><strong>Walliae,</strong></span> <span class='ocrx_word' id='word_1_115' title='bbox 1029 2346 1248 2411; x_wconf 83' lang='lat' dir='ltr'><strong>progressus,</strong></span> <span class='ocrx_word' id='word_1_116' title='bbox 1269 2345 1346 2390; x_wconf 88' lang='lat' dir='ltr'><strong>cas·</strong></span> 
     </span>
     <span class='ocr_line' id='line_1_20' title="bbox 392 2425 1343 2504; baseline 0 -15"><span class='ocrx_word' id='word_1_117' title='bbox 392 2433 483 2489; x_wconf 89' lang='lat' dir='ltr'><strong>trum</strong></span> <span class='ocrx_word' id='word_1_118' title='bbox 515 2427 559 2491; x_wconf 92' lang='lat' dir='ltr'><strong>de</strong></span> <span class='ocrx_word' id='word_1_119' title='bbox 594 2427 777 2492; x_wconf 86' lang='lat' dir='ltr'><strong>Radenore</strong></span> <span class='ocrx_word' id='word_1_120' title='bbox 808 2427 955 2504; x_wconf 89' lang='lat' dir='ltr'><strong>obsedit,</strong></span> <span class='ocrx_word' id='word_1_121' title='bbox 986 2433 1022 2490; x_wconf 88' lang='lat' dir='ltr'><strong>et</strong></span> <span class='ocrx_word' id='word_1_122' title='bbox 1061 2427 1106 2491; x_wconf 88' lang='lat' dir='ltr'><strong>ad</strong></span> <span class='ocrx_word' id='word_1_123' title='bbox 1133 2425 1343 2491; x_wconf 86' lang='lat' dir='ltr'><strong>deditionem</strong></span> 
     </span>
     <span class='ocr_line' id='line_1_21' title="bbox 391 2524 1343 2608; baseline 0.001 -21"><span class='ocrx_word' id='word_1_124' title='bbox 391 2525 514 2605; x_wconf 87' lang='lat' dir='ltr'><strong>coegit.</strong></span> <span class='ocrx_word' id='word_1_125' title='bbox 568 2525 759 2590; x_wconf 87' lang='lat' dir='ltr'><strong>Edwardus</strong></span> <span class='ocrx_word' id='word_1_126' title='bbox 790 2527 881 2589; x_wconf 86' lang='lat' dir='ltr'><strong>lilius</strong></span> <span class='ocrx_word' id='word_1_127' title='bbox 912 2527 1006 2608; x_wconf 82' lang='lat' dir='ltr'><strong>rogis</strong></span> <span class='ocrx_word' id='word_1_128' title='bbox 1037 2525 1177 2608; x_wconf 80' lang='lat' dir='ltr'><strong>Angliae</strong></span> <span class='ocrx_word' id='word_1_129' title='bbox 1202 2525 1246 2588; x_wconf 89' lang='lat' dir='ltr'><strong>de</strong></span> <span class='ocrx_word' id='word_1_130' title='bbox 1276 2524 1343 2588; x_wconf 89' lang='lat' dir='ltr'><strong>Pa-</strong></span> 
     </span>
     <span class='ocr_line' id='line_1_22' title="bbox 391 2623 1344 2706; baseline 0.004 -22"><span class='ocrx_word' id='word_1_131' title='bbox 391 2623 482 2685; x_wconf 89' lang='lat' dir='ltr'><strong>risiis</strong></span> <span class='ocrx_word' id='word_1_132' title='bbox 509 2643 698 2705; x_wconf 76' lang='lat' dir='ltr'><strong>regressusr,</strong></span> <span class='ocrx_word' id='word_1_133' title='bbox 723 2634 839 2690; x_wconf 86' lang='lat' dir='ltr'><strong>castra</strong></span> <span class='ocrx_word' id='word_1_134' title='bbox 864 2625 999 2690; x_wconf 89' lang='lat' dir='ltr'><strong>comitis</strong></span> <span class='ocrx_word' id='word_1_135' title='bbox 1022 2624 1240 2689; x_wconf 84' lang='lat' dir='ltr'><strong>Heresordiae</strong></span> <span class='ocrx_word' id='word_1_136' title='bbox 1263 2623 1344 2706; x_wconf 85' lang='lat' dir='ltr'><strong>Hey</strong></span> 
     </span>
     <span class='ocr_line' id='line_1_23' title="bbox 391 2721 1344 2806; baseline 0.005 -25"><span class='ocrx_word' id='word_1_137' title='bbox 391 2727 426 2784; x_wconf 89' lang='lat' dir='ltr'><strong>et</strong></span> <span class='ocrx_word' id='word_1_138' title='bbox 454 2721 686 2803; x_wconf 87' lang='lat' dir='ltr'><strong>Huutingdon</strong></span> <span class='ocrx_word' id='word_1_139' title='bbox 713 2725 815 2806; x_wconf 90' lang='lat' dir='ltr'><strong>cepit,</strong></span> <span class='ocrx_word' id='word_1_140' title='bbox 837 2731 873 2787; x_wconf 86' lang='lat' dir='ltr'><strong>et</strong></span> <span class='ocrx_word' id='word_1_141' title='bbox 893 2732 1045 2787; x_wconf 88' lang='lat' dir='ltr'><strong>castrum</strong></span> <span class='ocrx_word' id='word_1_142' title='bbox 1074 2723 1256 2788; x_wconf 85' lang='lat' dir='ltr'><strong>Breconiae</strong></span> <span class='ocrx_word' id='word_1_143' title='bbox 1278 2725 1344 2786; x_wconf 88' lang='lat' dir='ltr'><strong>sibi</strong></span> 
     </span>
     <span class='ocr_line' id='line_1_24' title="bbox 390 2819 1343 2902; baseline 0.008 -24"><span class='ocrx_word' id='word_1_144' title='bbox 390 2819 559 2883; x_wconf 89' lang='lat' dir='ltr'><strong>redditum</strong></span> <span class='ocrx_word' id='word_1_145' title='bbox 580 2821 720 2902; x_wconf 90' lang='lat' dir='ltr'><strong>Rogero</strong></span> <span class='ocrx_word' id='word_1_146' title='bbox 738 2823 780 2887; x_wconf 86' lang='lat' dir='ltr'><strong>de</strong></span> <span class='ocrx_word' id='word_1_147' title='bbox 796 2822 1042 2887; x_wconf 87' lang='lat' dir='ltr'><strong>Mortuo-mari</strong></span> <span class='ocrx_word' id='word_1_148' title='bbox 1063 2822 1208 2887; x_wconf 89' lang='lat' dir='ltr'><strong>tradidit</strong></span> <span class='ocrx_word' id='word_1_149' title='bbox 1229 2831 1343 2886; x_wconf 88' lang='lat' dir='ltr'><strong>custo-</strong></span> 
     </span>
     <span class='ocr_line' id='line_1_25' title="bbox 389 2917 1343 3005; baseline 0.005 -26"><span class='ocrx_word' id='word_1_150' title='bbox 389 2917 549 2980; x_wconf 90' lang='lat' dir='ltr'><strong>diendum</strong></span> <span class='ocrx_word' id='word_1_151' title='bbox 585 2939 663 2983; x_wconf 91' lang='lat' dir='ltr'><strong>cum</strong></span> <span class='ocrx_word' id='word_1_152' title='bbox 696 2922 870 2985; x_wconf 89' lang='lat' dir='ltr'><strong>territorio</strong></span> <span class='ocrx_word' id='word_1_153' title='bbox 904 2921 1088 3005; x_wconf 82' lang='lat' dir='ltr'><strong>adjacenti.</strong></span> <span class='ocrx_word' id='word_1_154' title='bbox 1167 2921 1343 2985; x_wconf 90' lang='lat' dir='ltr'><strong>Robertus</strong></span> 
     </span>
     <span class='ocr_line' id='line_1_26' title="bbox 389 3017 1343 3103; baseline 0.006 -26"><span class='ocrx_word' id='word_1_155' title='bbox 389 3034 504 3079; x_wconf 85' lang='lat' dir='ltr'><strong>comes</strong></span> <span class='ocrx_word' id='word_1_156' title='bbox 522 3017 693 3095; x_wconf 85' lang='lat' dir='ltr'><strong>Derbeiae,</strong></span> <span class='ocrx_word' id='word_1_157' title='bbox 709 3021 768 3103; x_wconf 89' lang='lat' dir='ltr'><strong>qui</strong></span> <span class='ocrx_word' id='word_1_158' title='bbox 789 3020 905 3084; x_wconf 92' lang='lat' dir='ltr'><strong>comiti</strong></span> <span class='ocrx_word' id='word_1_159' title='bbox 929 3020 1072 3102; x_wconf 88' lang='lat' dir='ltr'><strong>Symoni</strong></span> <span class='ocrx_word' id='word_1_160' title='bbox 1087 3019 1247 3097; x_wconf 80' lang='lat' dir='ltr'><strong>adhaesit,</strong></span> <span class='ocrx_word' id='word_1_161' title='bbox 1262 3020 1343 3084; x_wconf 85' lang='lat' dir='ltr'><strong>ciri·</strong></span> 
     </span>
     <span class='ocr_line' id='line_1_27' title="bbox 389 3115 1341 3201; baseline 0.006 -26"><span class='ocrx_word' id='word_1_162' title='bbox 389 3121 496 3177; x_wconf 87' lang='lat' dir='ltr'><strong>tatem</strong></span> <span class='ocrx_word' id='word_1_163' title='bbox 521 3115 713 3197; x_wconf 90' lang='lat' dir='ltr'><strong>Wigorniae</strong></span> <span class='ocrx_word' id='word_1_164' title='bbox 742 3118 887 3195; x_wconf 86' lang='lat' dir='ltr'><strong>obsedit,</strong></span> <span class='ocrx_word' id='word_1_165' title='bbox 911 3127 946 3182; x_wconf 90' lang='lat' dir='ltr'><strong>et</strong></span> <span class='ocrx_word' id='word_1_166' title='bbox 973 3138 1034 3201; x_wconf 88' lang='lat' dir='ltr'><strong>per</strong></span> <span class='ocrx_word' id='word_1_167' title='bbox 1062 3126 1161 3183; x_wconf 84' lang='lat' dir='ltr'><strong>vetus</strong></span> <span class='ocrx_word' id='word_1_168' title='bbox 1191 3127 1341 3183; x_wconf 89' lang='lat' dir='ltr'><strong>castrum</strong></span> 
     </span>
     <span class='ocr_line' id='line_1_28' title="bbox 389 3213 1342 3300; baseline 0.007 -26"><span class='ocrx_word' id='word_1_169' title='bbox 389 3213 577 3292; x_wconf 91' lang='lat' dir='ltr'><strong>ingressus,</strong></span> <span class='ocrx_word' id='word_1_170' title='bbox 594 3216 685 3279; x_wconf 90' lang='lat' dir='ltr'><strong>bona</strong></span> <span class='ocrx_word' id='word_1_171' title='bbox 708 3217 835 3279; x_wconf 90' lang='lat' dir='ltr'><strong>civium</strong></span> <span class='ocrx_word' id='word_1_172' title='bbox 858 3216 1011 3299; x_wconf 85' lang='lat' dir='ltr'><strong>diripuit,</strong></span> <span class='ocrx_word' id='word_1_173' title='bbox 1029 3217 1053 3281; x_wconf 86' lang='lat' dir='ltr'>J</span> <span class='ocrx_word' id='word_1_174' title='bbox 1055 3217 1243 3300; x_wconf 82' lang='lat' dir='ltr'><strong>udaeosque</strong></span> <span class='ocrx_word' id='word_1_175' title='bbox 1258 3219 1342 3300; x_wconf 92' lang='lat' dir='ltr'><strong>bap·</strong></span> 
     </span>
     <span class='ocr_line' id='line_1_29' title="bbox 390 3313 1344 3396; baseline 0.007 -23"><span class='ocrx_word' id='word_1_176' title='bbox 390 3313 489 3374; x_wconf 86' lang='lat' dir='ltr'><strong>tizari</strong></span> <span class='ocrx_word' id='word_1_177' title='bbox 512 3316 636 3394; x_wconf 89' lang='lat' dir='ltr'><strong>coegit.</strong></span> <span class='ocrx_word' id='word_1_178' title='bbox 705 3314 819 3396; x_wconf 86' lang='lat' dir='ltr'><strong>Capta</strong></span> <span class='ocrx_word' id='word_1_179' title='bbox 845 3325 898 3380; x_wconf 90' lang='lat' dir='ltr'><strong>est</strong></span> <span class='ocrx_word' id='word_1_180' title='bbox 927 3325 962 3380; x_wconf 90' lang='lat' dir='ltr'><strong>et</strong></span> <span class='ocrx_word' id='word_1_181' title='bbox 987 3317 1069 3380; x_wconf 90' lang='lat' dir='ltr'><strong>villa</strong></span> <span class='ocrx_word' id='word_1_182' title='bbox 1096 3315 1296 3380; x_wconf 83' lang='lat' dir='ltr'><strong>Gloverniae</strong></span> <span class='ocrx_word' id='word_1_183' title='bbox 1323 3337 1344 3380; x_wconf 91' lang='lat' dir='ltr'><strong>a</strong></span> 
     </span>
     <span class='ocr_line' id='line_1_30' title="bbox 389 3410 1343 3495; baseline 0.008 -24"><span class='ocrx_word' id='word_1_184' title='bbox 389 3410 575 3474; x_wconf 84' lang='lat' dir='ltr'><strong>baronibus</strong></span> <span class='ocrx_word' id='word_1_185' title='bbox 598 3412 698 3488; x_wconf 81' lang='lat' dir='ltr'><strong>aliis3</strong></span> <span class='ocrx_word' id='word_1_186' title='bbox 724 3432 811 3495; x_wconf 92' lang='lat' dir='ltr'><strong>quos</strong></span> <span class='ocrx_word' id='word_1_187' title='bbox 833 3413 1008 3479; x_wconf 89' lang='lat' dir='ltr'><strong>insecutus</strong></span> <span class='ocrx_word' id='word_1_188' title='bbox 1024 3414 1217 3479; x_wconf 81' lang='lat' dir='ltr'><strong>Edwardus</strong></span> <span class='ocrx_word' id='word_1_189' title='bbox 1235 3434 1257 3478; x_wconf 90' lang='lat' dir='ltr'><strong>a</strong></span> <span class='ocrx_word' id='word_1_190' title='bbox 1275 3423 1343 3479; x_wconf 88' lang='lat' dir='ltr'><strong>ter·</strong></span> 
     </span>
     <span class='ocr_line' id='line_1_31' title="bbox 389 3512 1344 3596; baseline 0.008 -26"><span class='ocrx_word' id='word_1_191' title='bbox 389 3526 446 3588; x_wconf 92' lang='lat' dir='ltr'><strong>go,</strong></span> <span class='ocrx_word' id='word_1_192' title='bbox 463 3520 624 3591; x_wconf 87' lang='lat' dir='ltr'><strong>reparato</strong></span> <span class='ocrx_word' id='word_1_193' title='bbox 636 3519 740 3592; x_wconf 90' lang='lat' dir='ltr'><strong>ponte</strong></span> <span class='ocrx_word' id='word_1_194' title='bbox 756 3531 861 3593; x_wconf 87' lang='lat' dir='ltr'><strong>super</strong></span> <span class='ocrx_word' id='word_1_195' title='bbox 870 3512 1062 3589; x_wconf 89' lang='lat' dir='ltr'><strong>Sabrinam,</strong></span> <span class='ocrx_word' id='word_1_196' title='bbox 1081 3533 1183 3596; x_wconf 87' lang='lat' dir='ltr'><strong>quem</strong></span> <span class='ocrx_word' id='word_1_197' title='bbox 1198 3515 1344 3578; x_wconf 86' lang='lat' dir='ltr'><strong>barones</strong></span> 
     </span>
     <span class='ocr_line' id='line_1_32' title="bbox 389 3609 1344 3694; baseline 0.013 -29"><span class='ocrx_word' id='word_1_198' title='bbox 389 3609 469 3687; x_wconf 87' lang='lat' dir='ltr'><strong>post</strong></span> <span class='ocrx_word' id='word_1_199' title='bbox 496 3610 678 3672; x_wconf 85' lang='lat' dir='ltr'><strong>transitum</strong></span> <span class='ocrx_word' id='word_1_200' title='bbox 708 3628 808 3672; x_wconf 89' lang='lat' dir='ltr'><strong>suum</strong></span> <span class='ocrx_word' id='word_1_201' title='bbox 833 3630 953 3675; x_wconf 88' lang='lat' dir='ltr'><strong>versus</strong></span> <span class='ocrx_word' id='word_1_202' title='bbox 983 3610 1208 3676; x_wconf 88' lang='lat' dir='ltr'><strong>Gloverniam</strong></span> <span class='ocrx_word' id='word_1_203' title='bbox 1234 3613 1344 3694; x_wconf 83' lang='lat' dir='ltr'><strong>frege-</strong></span> 
     </span>
     <span class='ocr_line' id='line_1_33' title="bbox 388 3705 1344 3780; baseline 0.01 -15"><span class='ocrx_word' id='word_1_204' title='bbox 388 3712 480 3780; x_wconf 89' lang='lat' dir='ltr'><strong>rant,</strong></span> <span class='ocrx_word' id='word_1_205' title='bbox 504 3715 655 3770; x_wconf 85' lang='lat' dir='ltr'><strong>castrum</strong></span> <span class='ocrx_word' id='word_1_206' title='bbox 676 3705 874 3773; x_wconf 83' lang='lat' dir='ltr'><strong>Gloverniae</strong></span> <span class='ocrx_word' id='word_1_207' title='bbox 899 3729 978 3774; x_wconf 92' lang='lat' dir='ltr'><strong>cum</strong></span> <span class='ocrx_word' id='word_1_208' title='bbox 997 3711 1070 3774; x_wconf 91' lang='lat' dir='ltr'><strong>suis</strong></span> <span class='ocrx_word' id='word_1_209' title='bbox 1093 3712 1248 3775; x_wconf 85' lang='lat' dir='ltr'><strong>intravit.</strong></span> <span class='ocrx_word' id='word_1_210' title='bbox 1301 3712 1344 3775; x_wconf 92' lang='lat' dir='ltr'><strong>In</strong></span> 
     </span>
     <span class='ocr_line' id='line_1_34' title="bbox 389 3804 1345 3893; baseline 0.009 -29"><span class='ocrx_word' id='word_1_211' title='bbox 389 3804 553 3879; x_wconf 87' lang='lat' dir='ltr'><strong>crastino,</strong></span> <span class='ocrx_word' id='word_1_212' title='bbox 582 3813 788 3886; x_wconf 87' lang='lat' dir='ltr'><strong>procurante</strong></span> <span class='ocrx_word' id='word_1_213' title='bbox 821 3808 980 3872; x_wconf 89' lang='lat' dir='ltr'><strong>Waltero</strong></span> <span class='ocrx_word' id='word_1_214' title='bbox 1009 3808 1248 3890; x_wconf 87' lang='lat' dir='ltr'><strong>Wigorniensi</strong></span> <span class='ocrx_word' id='word_1_215' title='bbox 1273 3812 1345 3893; x_wconf 90' lang='lat' dir='ltr'><strong>epi·</strong></span> 
     </span>
    </p>
   </div>
   <div class='ocr_carea' id='block_1_3' title="bbox 390 4022 1347 4156">
    <p class='ocr_par' dir='ltr' id='par_1_3' title="bbox 390 4022 1347 4156">
     <span class='ocr_line' id='line_1_35' title="bbox 424 4022 1347 4094; baseline 0.012 -22"><span class='ocrx_word' id='word_1_216' title='bbox 424 4022 431 4053; x_wconf 89' lang='lat'><em>¹</em></span> <span class='ocrx_word' id='word_1_217' title='bbox 450 4026 488 4073; x_wconf 89' lang='lat' dir='ltr'><strong>Or</strong></span> <span class='ocrx_word' id='word_1_218' title='bbox 507 4027 641 4087; x_wconf 86' lang='lat' dir='ltr'><strong>‘permisit</strong></span> <span class='ocrx_word' id='word_1_219' title='bbox 650 4028 667 4085; x_wconf 86' lang='lat'><strong>;&#39;</strong></span> <span class='ocrx_word' id='word_1_220' title='bbox 682 4028 766 4077; x_wconf 86' lang='lat' dir='ltr'><strong>which</strong></span> <span class='ocrx_word' id='word_1_221' title='bbox 787 4030 850 4080; x_wconf 86' lang='lat' dir='ltr'><strong>Hall</strong></span> <span class='ocrx_word' id='word_1_222' title='bbox 876 4031 919 4080; x_wconf 89' lang='lat' dir='ltr'><strong>the</strong></span> <span class='ocrx_word' id='word_1_223' title='bbox 931 4033 1093 4082; x_wconf 85' lang='lat' dir='ltr'><strong>arbitratiou:</strong></span> <span class='ocrx_word' id='word_1_224' title='bbox 1114 4029 1257 4094; x_wconf 71' lang='lat' dir='ltr'><strong>‘laudem’</strong></span> <span class='ocrx_word' id='word_1_225' title='bbox 1274 4035 1347 4083; x_wconf 54' lang='lat' dir='ltr'><strong>Mat</strong></span> 
     </span>
     <span class='ocr_line' id='line_1_36' title="bbox 390 4092 924 4156; baseline 0.019 -17"><span class='ocrx_word' id='word_1_226' title='bbox 390 4092 485 4153; x_wconf 80' lang='lat' dir='ltr'><strong>prefers</strong></span> <span class='ocrx_word' id='word_1_227' title='bbox 497 4096 547 4143; x_wconf 91' lang='lat' dir='ltr'><strong>and</strong></span> <span class='ocrx_word' id='word_1_228' title='bbox 556 4095 655 4156; x_wconf 86' lang='lat' dir='ltr'><strong>adopts.</strong></span> <span class='ocrx_word' id='word_1_229' title='bbox 876 4101 924 4150; x_wconf 84' lang='lat' dir='ltr'><strong>Ar.</strong></span> 
     </span>
    </p>
   </div>
   <div class='ocr_carea' id='block_1_4' title="bbox 423 4167 1346 4301">
    <p class='ocr_par' dir='ltr' id='par_1_4' title="bbox 423 4167 1346 4301">
     <span class='ocr_line' id='line_1_37' title="bbox 912 4167 1346 4223; baseline 0.014 -6"><span class='ocrx_word' id='word_1_230' title='bbox 912 4167 923 4198; x_wconf 81' lang='lat'>⁸</span> <span class='ocrx_word' id='word_1_231' title='bbox 939 4171 983 4218; x_wconf 84' lang='lat' dir='ltr'><strong>All</strong></span> <span class='ocrx_word' id='word_1_232' title='bbox 990 4170 1080 4219; x_wconf 85' lang='lat' dir='ltr'><strong>within</strong></span> <span class='ocrx_word' id='word_1_233' title='bbox 1088 4171 1160 4219; x_wconf 82' lang='lat' dir='ltr'><strong>thess</strong></span> <span class='ocrx_word' id='word_1_234' title='bbox 1171 4173 1291 4222; x_wconf 75' lang='lat' dir='ltr'><strong>brackets</strong></span> <span class='ocrx_word' id='word_1_235' title='bbox 1303 4189 1346 4223; x_wconf 79' lang='lat' dir='ltr'><strong>ars</strong></span> 
     </span>
     <span class='ocr_line' id='line_1_38' title="bbox 423 4226 1227 4301; baseline 0.017 -25"><span class='ocrx_word' id='word_1_236' title='bbox 423 4226 432 4254; x_wconf 81' lang='lat'>⁸</span> <span class='ocrx_word' id='word_1_237' title='bbox 449 4229 486 4276; x_wconf 87' lang='lat' dir='ltr'><strong>0r</strong></span> <span class='ocrx_word' id='word_1_238' title='bbox 497 4246 564 4280; x_wconf 87' lang='lat' dir='ltr'><strong>more</strong></span> <span class='ocrx_word' id='word_1_239' title='bbox 575 4234 696 4294; x_wconf 80' lang='lat' dir='ltr'><strong>correctly</strong></span> <span class='ocrx_word' id='word_1_240' title='bbox 704 4235 712 4262; x_wconf 87' lang='lat'>‘</span> <span class='ocrx_word' id='word_1_241' title='bbox 720 4234 840 4298; x_wconf 85' lang='lat' dir='ltr'><strong>laudam,‘</strong></span> <span class='ocrx_word' id='word_1_242' title='bbox 876 4240 1014 4301; x_wconf 82' lang='lat' dir='ltr'><strong>carelessly</strong></span> <span class='ocrx_word' id='word_1_243' title='bbox 1025 4239 1129 4289; x_wconf 83' lang='lat' dir='ltr'><strong>omitted</strong></span> <span class='ocrx_word' id='word_1_244' title='bbox 1142 4241 1168 4288; x_wconf 89' lang='lat' dir='ltr'><strong>iu</strong></span> <span class='ocrx_word' id='word_1_245' title='bbox 1180 4240 1227 4291; x_wconf 78' lang='lat' dir='ltr'><strong>Ar.</strong></span> 
     </span>
    </p>
   </div>
   <div class='ocr_carea' id='block_1_5' title="bbox 0 0 1474 4950">
    <p class='ocr_par' dir='ltr' id='par_1_5' title="bbox 0 0 1474 4950">
     <span class='ocr_line' id='line_1_39' title="bbox 0 0 1474 4950; baseline 0 0"><span class='ocrx_word' id='word_1_246' title='bbox 0 0 1474 4950; x_wconf 95' lang='lat' dir='ltr'><strong> </strong></span> 
     </span>
    </p>
   </div>
  </div>
 </body>
</html>
