2940 4950
382 459 449 525 324
741 473 815 521 nic.
837 472 985 522 saivari

387 638 583 695 coronatur.
663 627 830 694 Alsonsus
867 629 985 708 etiam,
1025 629 1231 714 Aragouum
1265 651 1337 709 rex,

388 738 545 794 mortuus
563 738 616 794 est
631 729 698 793 hoc
713 748 815 793 anno.

228 848 378 897 iuuetur
440 830 520 893 Rex
541 828 693 910 Angliee,
709 835 789 911 post
809 827 935 892 festum
960 827 1053 892 beati
1072 828 1095 893 J
1098 831 1224 894 oannis
1245 830 1337 913 Bap-

228 903 325 941 ottrent

230 910 369 999 snalla
389 929 493 1006 tistae,
524 929 559 992 iu
588 928 739 993 Scotiam
765 927 918 1004 veniens,
947 928 1095 1010 receptis
1128 949 1248 993 eornm
1280 931 1337 1013 qui

230 1012 254 1040 aa
264 1010 329 1048 mrny

227 1051 345 1150 mm
389 1048 532 1110 regnum
566 1027 693 1092 Scotiar
726 1027 957 1092 vendicabant
982 1028 1253 1109 allegationibus
1276 1049 1337 1112 pro

229 1149 346 1189 aeramine
384 1146 465 1212 Jure
480 1148 557 1206 suo,
579 1127 661 1208 eligi
684 1127 766 1191 fecit
787 1127 1020 1209 qnadraginta
1042 1147 1225 1209 personas,
1244 1129 1339 1193 vide-

229 1198 358 1290 {lectt
389 1228 471 1291 nce
504 1226 628 1309 viginti
663 1226 706 1290 ee
738 1225 869 1308 Anglia
906 1234 942 1291 et
976 1227 1098 1310 viginti
1128 1227 1172 1293 uo
1207 1228 1337 1307 ecana,

390 1327 450 1411 qni
473 1327 559 1391 istas
582 1326 807 1407 allegationes
833 1325 1023 1390 deliberata
1048 1326 1231 1407 diligentia
1255 1321 1338 1391 ¹dis-

391 1434 568 1505 cuterent3
604 1425 809 1489 sententiam
834 1425 974 1489 finalem
1007 1426 1182 1509 usquein
1211 1427 1338 1492 festum

391 1525 427 1590 S.
452 1525 634 1590 Michaelis
650 1518 829 1608 ²proxime
854 1531 1036 1589 venturum
1067 1524 1230 1590 differens
1259 1547 1337 1610 pro·

229 1642 356 1682 raanan
389 1624 576 1688 serendam.
637 1622 856 1688 Adveniente
888 1632 1002 1688 autem
1036 1625 1206 1706 praedicto
1237 1626 1338 1707 festo,

229 1692 313 1789 llll?
322 1694 379 1814 nm
389 1732 469 1806 post
491 1716 726 1807 ³[diligentem
750 1722 896 1809 negotii]
925 1723 1189 1804 discussionem,
1215 1725 1258 1790 de
1282 1746 1337 1791 as·

173 1822 185 1846 ·
230 1793 333 1843 ⁸⁰¹“·²⁹'
389 1843 492 1885 sensu
517 1824 669 1887 omnium
695 1822 825 1887 Joanni
850 1822 893 1886 ue
920 1824 1081 1901 earcuo,
1104 1825 1165 1906 qui
1198 1824 1243 1890 ue
1269 1826 1339 1892 ena

389 1920 507 1986 David
525 1915 630 2004 ⁴regis
653 1923 833 1987 Scotorum
852 1922 1077 1988 descenderat
1100 1925 1251 2003 seniore,
1280 1927 1339 1990 ad-

384 2022 557 2106 judicavit
579 2042 624 2086 ex
650 2023 786 2104 integro
812 2042 957 2104 regnum
983 2024 1106 2105 ipsum.
1160 2024 1339 2092 Robertus

389 2123 480 2186 enim
506 2122 549 2185 de
573 2124 676 2199 Erus,
700 2122 791 2186 inter
812 2142 914 2204 quem
934 2131 970 2186 et
995 2122 1167 2187 Joannem
1193 2126 1338 2208 praedic·

389 2230 464 2287 tum
496 2222 647 2287 exclusis
678 2221 802 2285 ceteris
835 2223 984 2305 quaestio
1014 2225 1230 2303 vertebatur,
1258 2226 1337 2290 licet

390 2342 460 2386 uno
484 2321 595 2403 gradu
625 2329 717 2385 esset
745 2322 982 2404 propinquior,
1011 2329 1129 2386 tamen
1159 2323 1339 2390 descendit

228 2439 303 2479 „ian
390 2423 502 2486 afilia
522 2421 613 2503 regis
637 2420 754 2484 David
773 2420 937 2485 secunda.
989 2420 1012 2485 J
1015 2441 1145 2487 oannes
1167 2426 1338 2490 antemio

229 2490 325 2530 crowned
334 2494 357 2530 at

228 2540 302 2587 scone,
390 2521 478 2585 festo
510 2521 545 2585 S.
572 2519 722 2584 Andreae
754 2519 916 2602 Apostoli
947 2523 1117 2603 sequenti,
1151 2515 1336 2608 ⁵[colloca·

229 2589 326 2630 ΜΝ
389 2621 462 2701 tus]
490 2640 593 2704 super
619 2619 767 2702 lapidem
792 2620 942 2701 regalem
969 2621 1006 2683 in
1030 2621 1178 2686 ecclesia
1201 2626 1338 2689 canoni·

389 2740 506 2784 corum
538 2720 748 2800 regularium
783 2719 825 2782 de
857 2719 981 2798 Scona,
1014 2721 1219 2787 solemniter
1246 2745 1338 2789 coro

388 2829 502 2883 natur.
570 2818 658 2883 Post
690 2819 947 2883 coronationem
982 2840 1064 2884 vero
1091 2823 1262 2888 accedens
1293 2824 1335 2888 ad

389 2939 504 3000 regem
527 2919 678 3000 Angliae‚
704 2919 764 3001 qui
790 2919 914 2983 festum
940 2919 1147 2984 Natiuitatis
1174 2922 1335 2988 Domini·

389 3038 439 3083 cae
461 3018 553 3101 apud
586 3018 909 3083 Novum-Castrum
936 3020 1047 3084 tenuit
1068 3039 1172 3103 super
1199 3023 1336 3101 Tinam,

228 3138 367 3178 Hiutomor
389 3119 498 3181 eidem
516 3118 597 3182 lecit
619 3118 817 3200 homagium
840 3119 904 3182 sub
929 3118 984 3182 his
1001 3121 1138 3185 verbis:
1165 3122 1337 3188 ‘Domine

226 3188 345 3280 'ii'iffif‘'
388 3218 447 3295 mi,
490 3218 626 3281 domine
666 3218 849 3294 Edwarde,
883 3238 946 3281 rex
987 3217 1139 3300 Angliee,
1180 3225 1337 3305 superior

387 3319 513 3383 Scotiae
546 3317 693 3393 domine,
720 3338 785 3399 ego
818 3318 974 3381 Joaunes
1013 3318 1056 3382 de
1092 3320 1246 3387 Balliolo
1276 3343 1335 3387 rex

387 3417 514 3482 Scotiae
537 3436 744 3498 recognosco
768 3437 823 3480 me
844 3417 1016 3481 hominem
1039 3429 1194 3484 vestrum
1218 3422 1336 3504 ligium

386 3517 429 3580 de
457 3525 531 3581 toto
553 3536 660 3598 regno
688 3517 828 3593 Scotiae,
854 3525 890 3581 et
911 3519 1070 3582 omnibus
1088 3512 1335 3602 ⁰pertinentiis,

385 3616 488 3680 ethis
505 3636 584 3699 quae
602 3616 646 3680 ad
664 3615 728 3680 hoc
743 3608 932 3699 ⁷spectant,
949 3617 1041 3698 qnod
1071 3638 1221 3702 regnum
1238 3630 1335 3687 teneo

420 3839 427 3869 ¹
445 3842 530 3890 Hall's
547 3841 723 3891 emendation:
742 3842 846 3892 ‘dison
870 3843 940 3901 land,
952 3843 997 3892 but
1006 3843 1035 3893 oi
1048 3843 1135 3893 David
1148 3848 1247 3896 earini
1255 3848 1335 3897 Hunt·

381 3917 462 3961 terent
470 3907 486 3971 ;'
498 3911 579 3960 MSS.
872 3913 975 3973 ingdon,
992 3913 1033 3963 his
1048 3914 1166 3976 nepbew.
1205 3917 1333 3967 Fordunr

417 3980 505 4029 ²'rhiu
517 3982 539 4029 is
549 3980 611 4028 from
625 3982 671 4030 Ar.
710 3981 847 4043 cmiteg.
871 3983 991 4042 Goodull,
1003 3984 1160 4035 Scclichrou.
1171 3985 1189 4034 i.
1203 4002 1231 4048 p.
1242 3992 1300 4038 m.

381 4051 428 4100 bas
438 4053 446 4078 ‘
455 4052 568 4112 proximo
578 4046 698 4100 veniens?
905 4049 916 4081 ⁸
932 4052 994 4101 'l'his
1005 4055 1028 4101 is
1039 4053 1102 4102 from
1115 4054 1162 4106 Ar.
1175 4059 1242 4107 220:
1258 4058 1333 4107 ‘ello

417 4119 523 4169 ³Thcse
547 4120 631 4168 words
651 4136 693 4170 are
713 4120 776 4169 lrom
798 4122 844 4168 Ar.
871 4117 1023 4181 catus;¹,lr.

380 4195 437 4239 220.
905 4189 916 4221 ⁶
932 4193 1134 4254 ‘pertinentibus
1142 4189 1156 4252 ς’
1169 4192 1217 4245 Ar.
1230 4201 1286 4246 220.

414 4259 425 4288 ⁴
442 4259 495 4308 Not
511 4259 598 4309 David
609 4259 632 4308 1.
650 4258 713 4322 king
727 4262 756 4310 of
773 4262 844 4310 Scot·
905 4258 915 4289 ⁷
932 4256 1333 4324 ‘nuptantaddedinsaase
