2940 4950
576 498 760 549 anninus.
1080 484 1145 549 137

186 659 315 723 dictum
333 658 589 737 cancellarium,
603 661 759 743 aliosque
775 679 837 743 per
855 678 970 742 regem
985 659 1029 724 ad
1046 661 1143 742 regni
1157 672 1262 762 3333:

188 758 380 822 custodiam
407 759 605 843 deputatos,
620 761 695 845 jam
717 760 824 825 fuisse
848 780 870 824 a
897 760 1145 824 munitionibus
1157 772 1291 863 ffhffi·

186 867 287 922 terrae
313 862 538 940 exturbatos;
576 868 611 924 et
636 860 741 942 quod,
771 868 978 943 procurante
1006 860 1030 925 J
1033 879 1145 925 caune
1200 832 1238 872 ’μ
1285 848 1290 860 ’

187 959 294 1022 fratre
321 960 425 1039 regis,
454 960 596 1042 fugatus
626 968 701 1024 erat
726 959 817 1023 idem
844 960 1070 1024 cancellarius
1094 953 1144 1024 ¹in

191 1058 225 1122 N
229 1060 455 1123 ermanniam.
508 1059 595 1123 Post
623 1060 724 1144 cujus
757 1058 946 1123 discessum
978 1061 1145 1144 praefatus

187 1157 211 1222 J
214 1178 344 1223 oannes
374 1178 394 1223 a
424 1160 521 1241 regni
552 1159 735 1224 comitibus
761 1166 797 1223 et
822 1160 1021 1242 proceribus
1047 1160 1144 1245 jura-

189 1267 307 1322 menta
329 1266 364 1323 et
388 1258 585 1337 fidelitates,
611 1278 652 1323 ac
680 1258 913 1343 subjectiones
937 1268 1146 1325 castrorum·

189 1378 256 1442 que
279 1357 467 1437 custodias,
491 1358 712 1441 pertinaciter
734 1358 918 1440 exigebat3
952 1379 1085 1424 necnon
1112 1367 1147 1424 et

189 1478 311 1522 manus
329 1458 533 1523 extenderat
549 1459 593 1522 ad
616 1459 702 1540 regii
726 1458 800 1522 fisci
820 1460 1062 1541 praestationes
1086 1478 1146 1523 an·

191 1578 278 1623 uuas
316 1559 545 1642 usurpandas,
580 1578 658 1642 quae
690 1559 852 1623 dicuntur
888 1559 930 1622 de
962 1560 1146 1626 scaccario.

192 1658 457 1723 Consoederatus
490 1659 578 1724 enim
613 1666 689 1722 erat
721 1659 796 1741 regi
830 1658 1056 1736 Francorum,
1087 1658 1147 1743 qui

190 1778 351 1841 magnam
378 1760 559 1842 pecuniam
591 1758 622 1822 ei
648 1765 770 1823 mutuo
799 1759 953 1837 tradidit,
981 1766 1020 1823 ut
1047 1759 1146 1824 fratri

189 1878 252 1923 suo
269 1859 342 1941 regi
360 1858 513 1923 Ricardo
528 1859 731 1941 gravamina
746 1859 943 1924 suscitaret.
997 1857 1145 1923 Contur-

190 1959 294 2022 batus
310 1978 373 2022 rex
391 1958 565 2023 Ricardus
586 1958 784 2042 hujusmodi
807 1960 938 2034 nuntio,
957 1961 1146 2041 repatriare

191 2056 381 2139 disposuit3
405 2057 534 2121 relictis
558 2059 606 2121 ibi
632 2059 793 2122 trecentis
817 2059 984 2123 militibus
1006 2067 1041 2123 et
1057 2060 1144 2123 duo-

192 2157 257 2219 bus
285 2156 435 2220 millibus
461 2156 626 2238 peditum,
646 2177 732 2240 quos
752 2158 824 2220 suis
846 2157 1027 2241 stipendiis
1049 2159 1146 2222 exhi-

192 2257 300 2320 beret.
355 2255 615 2321 Communicato
647 2275 751 2338 super
785 2256 849 2319 boc
880 2256 1037 2334 consilio,
1067 2278 1144 2321 cum

191 2354 431 2438 prudentiores
453 2355 622 2420 sentirent
645 2365 725 2419 ante
744 2356 820 2440 ejus
841 2375 1012 2420 recessum
1033 2357 1068 2419 in
1085 2357 1145 2420 illa

191 2464 284 2519 terra
311 2475 426 2537 regem
448 2455 682 2533 statuendum,
708 2454 834 2520 obtulit
855 2475 918 2519 rex
947 2474 984 2518 se
1009 2455 1060 2519 illi
1087 2457 1144 2520 da-

191 2563 306 2619 turum
333 2575 478 2637 regnum
505 2575 606 2638 quem
634 2555 677 2619 de
699 2555 833 2619 duobus
851 2555 1029 2637 eligerent,
1050 2556 1144 2620 Mar·

187 2655 282 2719 chiso
299 2656 432 2721 scilicet
449 2656 503 2720 vel
527 2654 694 2733 Guidoni,
717 2656 776 2737 qui
792 2675 911 2719 omnes
928 2655 1140 2720 Marchisum

185 2755 384 2837 elegeruut;
416 2749 582 2837 ²quorum
610 2755 822 2837 redarguens
854 2775 917 2819 rex
951 2755 1142 2834 levitatem,

187 2856 278 2936 quod
315 2857 410 2939 prius
443 2855 620 2919 Marchiso
652 2855 889 2933 detraxerant,
924 2857 1042 2920 statim
1080 2877 1142 2938 per

186 2955 321 3037 legatos
347 2955 558 3020 Marchisum
584 2956 733 3021 vocavit.
789 2955 859 3034 Qui
881 2963 1067 3039 antequam
1081 2977 1139 3020 ve·

187 3056 276 3119 niret
303 3055 347 3119 ad
376 3074 505 3138 regem,
533 3075 611 3119 cum
638 3055 880 3119 commedisset
906 3056 961 3120 die
992 3056 1140 3138 quadam

188 3174 267 3218 cum
301 3155 464 3237 episcopo
499 3154 715 3231 Belvacensi,
755 3174 777 3218 a
808 3155 942 3218 duobus
976 3157 1141 3220 assasinis

188 3248 341 3317 ³rediens
368 3262 421 3317 est
445 3255 588 3317 occisus.
637 3253 724 3317 Post
748 3254 848 3337 cujus
874 3262 1016 3318 mortem
1046 3265 1140 3337 pete-

186 3355 272 3416 bant
291 3353 427 3431 Franci,
445 3354 505 3435 qui
528 3352 679 3416 nondum
701 3352 943 3429 discesserant,
967 3355 1011 3417 ab
1033 3374 1142 3418 uxore

189 3453 357 3517 Marchisi
375 3453 551 3518 civitatem
571 3451 669 3534 Tyri,
694 3451 964 3515 conservandam
990 3453 1033 3516 ad
1055 3473 1142 3534 opus

188 3553 281 3635 regis
301 3553 470 3632 Franciae,
495 3552 560 3616 sibi
583 3551 702 3630 reddi3
727 3570 805 3632 quoe
824 3551 1008 3634 respondet
1023 3554 1085 3631 eis,
1105 3573 1142 3617 se

222 3792 231 3826 ¹
248 3796 435 3858 ‘deAngliain
445 3795 625 3844 Normauuiam
634 3794 654 3855 ;'
678 3793 762 3844 factus
779 3799 818 3844 est
834 3795 943 3857 femina;
966 3799 1143 3860 cancellarius,

188 3864 228 3914 M.
266 3866 315 3914 For
325 3881 341 3915 a
351 3866 399 3914 full
410 3870 518 3916 account
528 3865 557 3914 of
569 3865 652 3925 Long-
678 3864 848 3927 cancellaria;
863 3867 991 3927 sacerdos,
1008 3870 1126 3917 meretrix
1132 3884 1141 3931 ;

188 3932 301 3997 cbamp’s
323 3936 378 3998 sall,
393 3935 457 3984 with
480 3950 513 3984 an
534 3935 652 3997 amusing
678 3936 822 3999 episcopus,
837 3951 924 3985 scurra
931 3937 949 3998 ;'
966 3939 1036 4000 apud
1048 3939 1141 3989 Boron.

188 4006 267 4055 detail
289 4005 319 4054 os
337 4005 377 4053 bis
399 4020 491 4066 escape
513 4005 539 4052 in
562 4005 652 4054 female
679 4006 802 4056 sinent.

189 4077 273 4136 attire,
291 4076 390 4124 consult
409 4077 493 4137 llogcr
514 4075 543 4123 ol
560 4075 652 4123 Wend·
713 4071 724 4104 ²
742 4076 815 4123 From
836 4076 995 4137 ‘clegerunt'
1013 4083 1039 4123 to
1054 4079 1142 4124 ‘antc-

190 4160 260 4207 over,
271 4146 308 4195 iii.
320 4151 383 4206 ped
392 4151 490 4207 etseq.:
508 4146 563 4194 also
572 4145 652 4207 Hugh
678 4142 767 4207 quam'
784 4147 809 4192 in
823 4146 865 4194 the
879 4146 1009 4205 following
1025 4150 1142 4194 sentence

191 4215 282 4276 bisbop
296 4214 325 4264 of
338 4212 485 4277 Corentry's
503 4215 653 4277 reproaches
679 4229 721 4264 are
732 4215 835 4263 omitted
847 4216 873 4263 in
887 4216 923 4263 dl.
936 4214 985 4262 arrd
998 4213 1045 4262 Ar.

191 4287 293 4349 against
313 4285 381 4346 hira,
402 4285 490 4335 ‘Proh
511 4285 596 4334 dolor!
615 4286 654 4333 vir
714 4281 724 4314 ³
740 4284 856 4333 ‘rediens
868 4298 882 4332 e
893 4277 1030 4340 convivio?
1042 4283 1081 4330 M.
