2940 4950
577 474 762 525 suntuna.
1082 475 1148 526 ’ίθυ

190 632 291 710 rium,
324 632 461 697 obsides
492 633 694 715 postulavit.
762 631 865 711 Quod
903 652 965 695 rex
1003 633 1144 715 indigne

189 730 314 809 serens,
347 732 562 797 dissimulato
596 734 749 814 negotio,
783 732 981 796 Londouias
1016 733 1144 815 parlia-

188 840 343 896 mentum
365 840 554 912 convocat;
579 832 614 896 in
632 852 701 915 quo
716 833 807 896 inter
829 833 898 895 elia
918 832 1039 910 multa,
1064 853 1143 916 quae

188 931 233 996 ad
250 931 438 996 utilitatem
455 934 552 1014 regni
568 932 611 996 de
627 951 771 996 assensu
787 931 1021 1014 praelatorum,
1035 935 1141 997 comi·

189 1038 274 1108 tum‚
286 1040 321 1095 et
332 1033 512 1110 baronum,
523 1039 658 1096 statuta
671 1040 766 1107 sunt,
776 1030 959 1095 inhibitum
978 1041 1031 1095 est
1045 1053 1088 1096 ne
1099 1033 1142 1097 de

188 1139 305 1195 cetero
327 1132 563 1214 possessiones
586 1139 753 1196 terrarum
777 1150 839 1193 seu
861 1131 1044 1208 redituum,
1066 1134 1142 1198 siue

187 1231 331 1314 speciali
345 1232 438 1313 regis
451 1231 604 1308 licentia,
619 1232 663 1295 ad
681 1250 817 1295 manum
836 1238 1007 1294 mortuam
1022 1231 1141 1297 devol-

188 1340 327 1395 vantur.
379 1330 562 1396 Vocantur
593 1341 708 1396 autern
740 1336 874 1394 statuta
904 1330 939 1392 in
968 1329 1034 1394 hoc
1062 1351 1140 1414 par-
1153 1354 1254 1395 rasum

187 1430 353 1496 liameuto
378 1431 472 1496 edita
499 1431 659 1495 ‘Statuta
679 1429 981 1494 westmonasterii
1010 1431 1130 1514 prima.
1133 1406 1278 1546 'aslum

189 1528 277 1594 Post
294 1531 559 1612 parliamentum
578 1550 650 1605 rex,
669 1538 709 1595 ut
725 1530 873 1613 principi
890 1530 1028 1594 liberior
1045 1531 1089 1595 ad
1105 1510 1196 1595 ιιιιω

187 1637 323 1712 pateret
350 1650 523 1706 accessus,
553 1629 724 1695 Cestriam
750 1648 873 1711 usque,
900 1649 978 1712 quae
1001 1631 1037 1694 iu
1063 1650 1142 1695 con-

187 1728 271 1794 finio
287 1729 425 1795 Walliae
448 1731 517 1794 sita
539 1739 605 1807 est,
628 1730 859 1812 progreditur,
879 1729 1060 1813 missisque
1079 1732 1140 1796 ite-

187 1849 265 1893 rum
281 1830 411 1895 nuntiis
434 1829 632 1911 homagium
658 1831 702 1893 ab
727 1824 785 1894 ¹eo
800 1828 939 1910 exegit:
963 1849 1033 1912 quo
1049 1831 1141 1913 regis

187 1929 360 1995 mandatis
380 1949 502 2013 parere
516 1922 760 2007 'detrectante
778 1949 840 1993 rex
856 1931 1044 1994 exercitum
1060 1950 1142 1995 con-

186 2036 303 2107 vocat,
324 2029 510 2144 disponens
529 2029 755 2111 denegantem
782 2030 847 2093 sibi
872 2028 1069 2111 homagium
1099 2032 1141 2095 de

185 2149 252 2195 suo
267 2128 368 2196 seodo
382 2130 570 2213 principem
587 2148 801 2213 expugnare.

239 2229 367 2295 Eodem
399 2251 491 2295 anno
516 2232 552 2294 in
584 2232 742 2313 partibus
769 2230 980 2294 australibus
1001 2228 1266 2310 Angliaesmu

184 2337 223 2394 et
238 2330 508 2396 occidentalibus
532 2338 633 2395 terrae
654 2340 769 2395 motus
794 2331 965 2394 horribilis
982 2330 1141 2410 contigit,
1152 2308 1231 2357 ‘¹⁰²¹‘

186 2428 274 2495 seria
298 2438 425 2513 quarta
448 2430 539 2494 infra
563 2439 722 2495 octavam
752 2429 958 2494 Natiuitatis
983 2428 1142 2510 Virginis

186 2528 359 2611 gloriosae.
422 2529 671 2595 Pestilentialis
708 2531 813 2594 etiam
851 2529 1020 2610 aegritudo
1058 2548 1141 2593 oves

185 2648 393 2694 consumens
410 2630 527 2695 scabie
542 2638 626 2695 tunc
648 2623 802 2713 incepit.⁸
854 2629 950 2693 Obiit
966 2629 1031 2693 hoc
1048 2647 1140 2693 anno

186 2727 343 2794 Joanues
359 2722 546 2808 ⁴Bretoun,
571 2730 838 2794 Herelordensis
861 2730 1054 2813 episcopus,
1080 2730 1140 2812 qui

186 2828 372 2893 admodum
403 2831 535 2913 peritus
565 2830 603 2893 in
626 2829 763 2913 juribus
786 2828 990 2910 Anglicanis
1014 2829 1139 2892 librum

185 2927 230 2993 de
255 2928 306 2994 eis
333 2931 539 3013 conscripsit
560 2930 753 3013 perutilem.
799 2929 864 2994 Cui
886 2930 1053 2993 successit
1070 2949 1140 2993 ma-

186 3028 297 3110 gister
325 3029 480 3095 Thomas
510 3028 553 3093 de
584 3029 784 3112 Cantilupo,
814 3030 935 3094 doctor
968 3031 1004 3092 in
1040 3048 1141 3093 sacra

186 3127 375 3211 theologia,
398 3129 452 3194 vir
474 3129 598 3195 nobilis
619 3149 756 3211 genere,
779 3129 837 3192 sed
864 3129 971 3191 multo
994 3129 1141 3192 nobilior

185 3229 339 3294 moribus
362 3230 536 3312 animique
558 3230 697 3293 virtute.
749 3228 859 3291 Solvit
881 3228 945 3290 hoc
964 3246 1055 3290 anno
1079 3247 1140 3310 po·

187 3328 290 3411 pulus
321 3328 395 3411 regi
421 3329 579 3412 quintam
606 3329 772 3393 decimam
803 3336 934 3409 partem
962 3327 1141 3403 bonorum,

185 3446 265 3511 quae
281 3429 372 3511 patri
387 3448 452 3493 suo
467 3428 646 3492 dicebatur
661 3445 834 3492 concessa.

223 3597 231 3629 ¹
249 3595 372 3659 ‘eodem,
364 3592 379 3625 ·'
390 3598 430 3646 M.
676 3599 730 3643 turn
742 3608 774 3643 ex
786 3598 863 3643 uncto
874 3593 962 3655 reteri,
973 3591 1049 3658 (stale
1060 3587 1144 3654 hog’s·

221 3661 438 3729 '‘decretentes
450 3667 499 3728 M.,
506 3667 565 3728 An,
572 3664 651 3715 etAr.
677 3679 775 3727 greeae,
789 3661 914 3726 Heme)
929 3668 955 3712 et
966 3679 1023 3712 nvo
1037 3667 1142 3725 argento

185 3738 245 3788 110.
677 3740 702 3783 et
716 3734 866 3797 verdegrez;
883 3739 909 3782 et
920 3734 978 3784 inde
995 3734 1142 3795 ubicunque

221 3803 233 3835 ⁸
247 3805 303 3856 'ibe
313 3805 455 3856 chronicler
470 3804 499 3855 ol'
508 3807 654 3856 Dunstable
677 3806 776 3854 scabres
784 3805 1064 3866 semenstrabstlocnm
1072 3804 1144 3852 illum

187 3876 260 3938 gives
277 3890 293 3926 a
310 3877 408 3938 receipt
426 3874 465 3925 ior
479 3876 522 3926 the
545 3891 605 3925 cure
628 3874 658 3924 oi
678 3876 807 3935 unximus,
823 3879 849 3923 et
866 3875 969 3936 prurigo
985 3888 1044 3922 mox
1060 3886 1145 3922 cessa·

187 3944 240 3995 this
275 3948 398 4002 murraiu,
429 3945 463 3995 ed
491 3961 551 3996 ann.
581 3946 723 3994 latravit.
759 3943 1144 3993 Sedcontraillaminfirmita-

187 4015 299 4067 ‘Goutrs
309 4017 421 4066 scabiem
424 4031 496 4077 quae
506 4017 656 4078 generaliter
678 4020 738 4076 tem,
762 4029 820 4075 quae
842 4019 944 4075 propter
969 4012 1145 4061 humiditatem

188 4100 276 4136 omnes
289 4100 350 4135 ores
362 4087 464 4149 Angliae
476 4090 603 4147 presserat
611 4100 657 4147 per
679 4084 785 4144 contigit
790 4079 847 4150 (the
854 4077 980 4149 font-rot)
985 4074 1145 4130 nilvalebst’

188 4158 349 4218 septennium
372 4156 530 4218 praecedens,
551 4156 658 4207 remedi·
682 4156 713 4203 P.
725 4156 783 4203 405.

188 4240 233 4275 nm
255 4225 394 4275 didicimus
412 4240 558 4287 quanquam
577 4225 657 4275 tarde.
715 4221 749 4251 ⁴‘
741 4223 869 4279 ‘;Bruton
873 4215 976 4269 'D'Aa
989 4213 1145 4280 ‘Bertoun3'

191 4294 312 4347 Fecimus
321 4310 389 4346 emur
400 4296 528 4359 quoddam
544 4310 658 4359 unguen·
683 4294 739 4343 M.:
756 4286 895 4349 ιι’Βιιιιοιι
908 4290 955 4339 Ar.
