2940 4950
241 3016 335 3057 Crusado

241 3067 325 3113 against
334 3068 370 3107 the

241 3117 366 3166 albigenses

400 439 467 502 214
762 450 998 498 moranum

404 612 579 678 Lodovico
611 613 765 677 totaliter
795 632 832 675 se
866 610 1034 675 submisit.
1098 608 1229 673 Eodem
1263 626 1356 671 anno

404 713 597 777 Faukesius
637 712 678 776 de
713 714 876 789 Breaute,
913 717 1034 775 contra
1069 729 1184 790 regem
1216 706 1356 789 Angliae

403 812 596 893 insurgens,
618 820 770 876 castrum
794 811 1010 875 Bedofordiae
1031 809 1137 873 armis
1159 808 1305 872 munivit
1321 815 1357 871 et

403 914 623 989 victualibuS,
656 912 807 993 virisque
833 910 994 987 strenuis,
1024 918 1059 973 et
1091 909 1134 973 ad
1165 908 1256 971 bella
1286 908 1356 972 sor·

402 1012 556 1076 tissimis.
609 1011 711 1089 Quod
734 1031 811 1075 cum
836 1030 897 1074 rex
921 1009 1098 1073 obsidione
1119 1008 1297 1085 cinxisset,
1320 1015 1355 1071 et

402 1111 438 1175 in
469 1111 716 1195 Assumptione
742 1110 899 1191 Virginis
923 1108 1084 1191 gloriosae
1108 1107 1275 1172 violenter
1299 1127 1354 1171 ce·

403 1212 522 1293 pisset,
550 1230 681 1288 omnes,
712 1211 771 1294 qui
801 1209 886 1273 illud
915 1216 1035 1292 contra
1063 1207 1276 1272 voluntatem
1305 1226 1354 1271 re·

403 1310 495 1391 giam
519 1318 712 1386 tenuerant,
735 1309 898 1391 suspendi
920 1308 1001 1373 fecit
1016 1307 1060 1371 ad
1082 1307 1229 1371 aliorum
1249 1314 1355 1371 terro-

404 1430 487 1475 rem.
549 1410 743 1475 Faukesius
777 1428 871 1486 voro,
905 1409 1021 1472 subito
1052 1407 1201 1472 sortunae
1230 1406 1301 1470 ictu
1334 1425 1355 1468 a

404 1529 538 1573 summa
561 1511 739 1593 opulentia
764 1508 931 1592 dejectus,
961 1509 997 1570 in
1025 1514 1160 1572 tantam
1184 1505 1275 1569 infra
1297 1525 1355 1569 an-

404 1628 485 1672 num
511 1610 631 1673 incidit
648 1616 850 1690 egestatem,
872 1613 912 1671 ut
929 1609 988 1690 qui
1008 1608 1113 1689 paulo
1127 1613 1209 1670 ante
1223 1614 1356 1670 ceteros

405 1705 544 1790 Angliae
570 1728 729 1790 proceres
753 1708 951 1772 divitiarum
975 1707 1087 1790 gloria
1109 1706 1241 1769 anteire
1263 1705 1354 1769 vide·

404 1807 518 1884 batur,
540 1808 615 1891 jam
635 1815 734 1871 actus
755 1807 790 1869 in
816 1807 976 1871 exsilium
998 1814 1136 1872 tenuem
1158 1806 1193 1869 in
1215 1798 1355 1868 ¹Galliis

404 1907 620 1990 quaeritando
649 1908 789 1983 victum,
817 1909 921 1971 etiam
949 1905 1074 1990 capitis
1099 1905 1353 1970 reclinatorium

405 2026 472 2070 non
506 2007 659 2070 haberet.
728 2006 929 2090 Suppressis
963 2007 1070 2088 igitur
1100 2025 1163 2088 per
1191 2003 1354 2085 Angliam

404 2105 562 2183 inimicia,
597 2106 704 2189 coepit
735 2126 796 2169 rex
827 2104 970 2188 pacifice
1002 2105 1244 2170 administrare
1276 2123 1354 2184 reg·

404 2225 506 2282 num;
535 2206 595 2269 sed
619 2206 770 2268 nondum
790 2206 821 2269 ei
844 2206 888 2269 ad
907 2205 1139 2288 recuperanda
1159 2203 1294 2286 perdita
1320 2203 1355 2266 in

404 2306 560 2387 partibus
592 2303 786 2368 Galliarum
816 2305 1022 2388 suppetebat
1054 2304 1212 2368 facultas.
1274 2301 1355 2366 Hoc

404 2423 494 2469 anno
534 2425 556 2469 a
593 2424 685 2488 papa
722 2405 880 2469 Honorio
918 2404 1141 2468 confirmatus
1180 2411 1234 2467 est
1272 2401 1356 2467 ordo

454 2992 663 3060 Lonovrous
698 2998 909 3062 Francorum
948 3019 1022 3074 rex,
1060 2998 1277 3081 praelatique,
1316 3014 1356 3059 ac

403 3112 560 3175 proceres
598 3097 841 3179 quamplurimi
881 3098 915 3160 in
956 3098 1115 3173 Francia,
1155 3116 1177 3160 a
1216 3096 1355 3160 domino

403 3186 590 3271 ³Romano,
620 3196 766 3260 diacono
795 3198 974 3275 cardinali,
1000 3198 1135 3278 signum
1163 3197 1275 3259 crucis
1301 3213 1355 3258 ac-

402 3292 535 3375 cipiunt
559 3304 681 3359 contra
707 3296 887 3362 haereticos
914 3296 1129 3378 Albigenses.
1182 3294 1356 3359 Ricardus

402 3411 517 3455 comes
543 3392 739 3473 Cornubiae,
764 3396 871 3459 frater
892 3397 996 3479 regis,
1018 3404 1052 3460 et
1067 3394 1260 3459 avunculus
1282 3395 1356 3478 ejus

403 3490 598 3555 Willelmus
618 3515 732 3558 comes
756 3495 891 3572 Sarum,
914 3516 992 3559 cum
1016 3494 1134 3559 multis
1157 3494 1355 3578 proceribus

401 3590 437 3651 in
464 3591 672 3656 Vasconiam
705 3594 972 3676 proficiscentem
1004 3614 1167 3677 prospero
1191 3614 1246 3657 res
1277 3613 1354 3675 ges·

401 3699 530 3754 serunt.

652 3835 699 3842 .—-
711 3836 928 3846 --..—-—.--

438 3913 445 3944 ¹
464 3918 589 3967 ‘Gallicis
601 3913 615 3977 ;'
628 3914 695 3966 D'A.

436 3982 632 4047 ²‘llleinims3’
656 3987 698 4036 Fr.
715 3988 774 4036 Tr.:
796 3988 864 4038 ‘ira-
926 3984 1192 4052 ’Wanunginu'm

400 4059 465 4103 trum
476 4056 603 4105 Minorum
614 4057 630 4114 ς’
642 4057 688 4106 Ar.
