2940 4950
582 435 763 485 eunicus.
1103 425 1147 490 21

197 587 493 676 Symplyngbam,¹
512 593 702 658 institutor.
754 592 910 671 Quorum
933 596 1066 676 primus
1087 596 1145 661 lit-

197 700 347 757 terarum
365 695 511 758 scientia
527 694 706 776 praeditae,
726 700 805 776 post
819 694 1027 757 laudabilem
1043 693 1147 759 officii

195 793 379 873 pastoralis
394 793 724 858 administrationem
742 794 842 857 annis
864 793 1021 876 plurimis
1045 814 1145 858 exer·

197 893 315 968 citam,
332 892 565 975 praeclaraque
587 893 727 977 pietatis
744 912 861 975 opera,
879 912 956 956 cum
973 892 1048 976 jam
1073 893 1146 960 fere

197 991 374 1073 expletum
395 992 528 1057 militiae
551 1013 625 1058 suae
643 1000 779 1074 tempus
796 993 951 1068 sentiret,
968 993 1143 1074 resignato

196 1088 325 1154 honore
351 1098 387 1156 et
410 1111 582 1156 excusans
608 1112 645 1156 se
669 1094 713 1157 ab
739 1111 853 1168 onere,
876 1092 970 1174 apud
995 1091 1142 1158 Pontem

197 1189 362 1254 Fructum
395 1191 486 1255 iuter
518 1191 758 1256 cluniacensis
790 1191 920 1256 ordinis
954 1191 1142 1257 monachos

195 1288 334 1354 ultimos
351 1289 433 1354 vitae
450 1290 524 1354 dies
541 1291 670 1373 exegit.
711 1285 826 1354 ²Alter
842 1309 924 1355 vero
948 1290 1140 1369 Gilbertus,

195 1389 331 1452 eximiae
358 1390 412 1454 vir
444 1391 632 1471 religionis,
659 1390 695 1453 in
726 1388 997 1472 feminarumque
1024 1398 1140 1454 custo-

194 1486 252 1551 dia
267 1488 389 1569 gratiae
407 1488 592 1570 singularis
618 1491 662 1553 ab
688 1488 934 1565 adolescentia,
959 1496 998 1553 ut
1021 1489 1140 1567 fertur,

193 1587 332 1669 propria
364 1608 432 1653 non
463 1596 645 1653 contentus
675 1590 801 1664 salute,
832 1588 1074 1653 lucrandarum
1103 1591 1139 1670 in

192 1681 290 1750 Dno³
306 1688 496 1752 animarum
518 1689 593 1753 zelo
614 1689 757 1770 ignitus,
773 1688 993 1752 infirmiorem
1017 1708 1139 1753 sexum

192 1788 299 1869 coepit
337 1789 540 1871 propensius
573 1788 740 1866 aemulari,
778 1788 870 1851 omni
908 1788 1139 1852 aemulationis

192 1887 260 1967 piae
281 1906 368 1950 ausu
393 1895 531 1971 sumpto
555 1907 600 1951 ex
624 1907 782 1970 supernae
804 1887 926 1968 gratiae
950 1887 1088 1964 fiducia,
1104 1896 1139 1952 et

192 1985 402 2050 couscientia
417 1987 565 2068 propriae
587 1979 785 2051 castitatis.⁴
837 1985 994 2068 Cumque
1012 1988 1138 2069 coeptis

192 2082 267 2165 ejus
282 2084 381 2147 savor
395 2083 571 2147 videretur
592 2085 744 2148 arridere
761 2084 922 2161 Divinus,
938 2086 1070 2149 veritus
1094 2107 1138 2151 ne

190 2181 279 2245 sorte
296 2182 332 2244 in
343 2200 490 2246 vacuum
506 2189 659 2245 curreret
673 2190 735 2246 aut
751 2184 971 2258 cucurrisset,
983 2185 1013 2246 si
1028 2204 1138 2248 erum·

186 2287 325 2362 pentem
347 2278 458 2343 zelum
484 2279 696 2344 moderatrix
721 2280 867 2343 scientia
888 2300 955 2342 nou
972 2282 1139 2361 condiret,

190 2379 482 2444 Clarevallensem
527 2379 685 2442 abbatem
736 2380 875 2443 beatum
921 2379 1138 2445 Bernardum

188 2478 383 2543 adeundum
400 2472 562 2554 ⁵censuit,
578 2477 677 2561 cujus
691 2478 821 2543 salubri
838 2478 1043 2542 informatus
1058 2499 1137 2543 cou-

187 2579 276 2655 silio,
299 2586 334 2642 et
355 2579 390 2642 in
413 2577 592 2659 proposito
613 2579 806 2656 roboratus,
829 2584 928 2642 tanto
948 2577 1137 2643 ferventius

188 2685 320 2761 quanto
334 2677 562 2741 confidentius
584 2677 650 2758 piis
665 2678 789 2760 coeptis
805 2677 965 2742 insistere
981 2698 1050 2742 non
1065 2699 1139 2743 ces·

186 2779 290 2842 savit.
323 2770 571 2859 lProsperatus
585 2784 699 2842 autem
710 2784 764 2839 est
776 2777 811 2840 in
823 2776 969 2858 hisquae
983 2779 1139 2860 gerebat,

190 3037 285 3100 proved
302 3037 336 3098 by
356 3036 488 3098 Eugeniue
509 3036 573 3098 ΙΙΙ.,
590 3036 650 3085 died
674 3037 711 3086 St.
724 3035 825 3087 Gilbert
839 3038 862 3086 ie
873 3037 1016 3100 frequently
1027 3037 1139 3087 denomi-

192 3107 340 3168 1190,aged
353 3109 411 3167 1⁰6,
424 3106 474 3153 and
491 3120 545 3153 was
560 3119 651 3154 canon-
675 3106 760 3156 noted.

190 3177 247 3225 ized
263 3177 298 3237 by
314 3176 435 3223 Inuocent
457 3174 510 3222 111.
532 3176 558 3222 in
578 3178 651 3225 12⁰2.
711 3173 909 3225 ”venerabilis
933 3175 1066 3226 Gilbertue
1099 3178 1137 3225 vir

191 3249 227 3295 At
238 3245 281 3294 ibe
293 3245 352 3293 time
367 3243 397 3291 oi
411 3243 453 3291 the
464 3243 614 3292 dissolutiou
626 3245 655 3292 oi
675 3245 749 3304 plane
773 3246 896 3295 mirabilis
917 3250 943 3293 et
968 3247 994 3293 in
1020 3248 1137 3296 custodia

190 3315 353 3364 monasteries
372 3313 441 3361 there
459 3326 526 3361 were
545 3317 651 3374 twenty·
675 3313 824 3362 feminarum
844 3314 933 3375 gratiae
952 3315 1099 3375 singularis,
1121 3331 1137 3365 a

187 3401 234 3435 one
251 3385 344 3433 bouses
360 3382 389 3430 oi
403 3381 553 3442 Gilbertine,
564 3382 651 3431 exelu·
675 3397 725 3442 quo
741 3382 802 3431 ordo
817 3383 1035 3445 Simpligumeusis
1051 3399 1137 3445 sump-

188 3457 242 3505 eive
253 3455 282 3503 ol
291 3454 332 3503 tire
343 3456 432 3514 parent
447 3452 532 3512 priory
543 3450 572 3499 oi
580 3451 650 3499 Sem·
675 3452 708 3499 eit
719 3452 862 3513 exordium,
870 3457 896 3500 et
902 3457 996 3501 etatum
1004 3454 1137 3516 celebrem,

187 3525 329 3587 pringham.
364 3521 418 3570 The
435 3521 501 3570 male
517 3519 610 3570 houset
624 3521 654 3570 oi
675 3520 750 3569 celeri
762 3536 819 3570 eum
829 3522 952 3584 prosectu.
971 3522 1022 3571 Hic
1034 3524 1136 3573 abado-

186 3595 229 3645 the
240 3595 315 3643 order
323 3591 440 3640 followed
451 3590 493 3639 the
504 3591 559 3639 rule
570 3590 599 3638 of
612 3591 649 3641 St.
673 3587 810 3652 leeeentim'
821 3597 870 3641 ete.
880 3608 888 3653 ;
899 3592 947 3642 Ar.

188 3664 351 3725 Augustino,
374 3661 417 3709 the
439 3659 529 3708 female
551 3659 605 3709 that
623 3661 653 3710 os
708 3657 847 3710 '‘Chrieto
857 3659 873 3723 ;'
884 3662 932 3711 Ar.

188 3736 225 3784 st.
241 3729 447 3793 lienedict,with
465 3744 533 3779 some
553 3731 649 3791 special
710 3727 788 3780 “Ad
807 3732 884 3781 ictum
902 3733 991 3782 beatus
1006 3732 1135 3783 clareval-

188 3803 351 3852 reetrictione.
388 3800 438 3848 For
450 3799 544 3859 which,
555 3802 648 3850 witha
673 3799 750 3849 leusio
772 3803 851 3851 ebbae
868 3803 1013 3850 Bemerdus
1029 3803 1061 3850 de
1080 3818 1136 3863 per·

188 3879 378 3932 contemporary
389 3869 443 3930 lile,
459 3883 502 3917 see
519 3870 649 3932 Dugdale,
673 3868 779 3920 tectione
791 3877 817 3919 et
827 3871 970 3921 obedientia
981 3872 1135 3932 regularium

187 3945 215 3992 ii.
238 3945 297 4002 696,
319 3945 345 3989 et
366 3954 437 4000 seq,
458 3940 512 3988 also
532 3939 557 3987 iu
577 3940 649 3989 Heu·
673 3940 804 3999 epistolam
812 3940 937 4001 quandem
949 3941 1051 4000 scripsit
1062 3936 1075 4001 ;'
1087 3941 1135 3991 Ar.

187 4010 364 4063 echeniusand
373 4009 517 4071 Oupgrure,
529 4009 647 4060 ActaSS.
673 4008 734 4058 This
751 4012 841 4071 epietle
856 4011 878 4059 ie
895 4015 938 4058 not
950 4015 1038 4060 extant
1054 4011 1079 4058 iu
1098 4012 1135 4060 st.

186 4084 285 4132 Fene.
674 4078 796 4128 Bemard.

223 4143 648 4211 ¹‘Sinrpliganreneio;¹‘Sympling·
708 4145 718 4177 ⁵
734 4151 741 4177 ‘
754 4149 854 4209 putavit
861 4144 875 4207 ;¹
890 4148 935 4196 Ar.

184 4215 267 4281 hams
280 4216 347 4270 ΠΛ.
376 4217 464 4267 Under
476 4217 560 4266 which
576 4231 648 4266 name
708 4214 770 4269 6Εῐ
797 4219 865 4266 eicut
885 4217 918 4264 de
950 4215 1027 4264 nobili
1059 4216 1137 4276 patri·
