2948 4942
386 447 452 512 342
742 462 814 510 uro.
833 463 981 510 ιιιιιιιιι

390 622 506 698 nebat,
534 620 715 703 quemdam
745 621 902 703 spurium
931 621 997 683 sibi
1027 618 1148 684 volens
1181 620 1341 686 heredem

226 738 366 837 fflup
389 722 612 798 substituere,
647 740 669 784 a
703 721 846 804 propria
873 729 976 803 gente
1005 728 1158 784 necatur
1162 714 1192 801 ]Ι
1260 721 1342 785 Rex

227 798 366 928 ffirnffi
391 819 541 902 Angliae,
569 822 735 885 immenso
763 821 958 884 coadunato
980 820 1149 897 exercitu,
1174 821 1269 885 venit
1295 821 1340 885 ad

228 944 353 1028 lu
272 949 336 988 ιι
392 919 545 985 Novum·
547 928 697 985 castrum
728 940 833 1003 super
853 920 995 984 Tinam:
1032 919 1075 983 ad
1102 940 1203 1001 quom
1225 920 1342 985 locum

228 1039 323 1078 ιιι-ιιι
390 1019 563 1085 Joannem
590 1040 707 1102 regem
737 1020 918 1084 Scotorum
950 1019 1049 1084 citari
1073 1019 1203 1084 lecerat
1226 1020 1342 1085 edicto

228 1089 358 1178 {suffit
391 1120 542 1203 publico,
565 1129 605 1185 ut
630 1120 673 1184 de
695 1120 748 1183 bis
770 1139 849 1202 quae
872 1120 938 1184 sibi
960 1120 1133 1184 debebant
1155 1120 1260 1203 objici
1286 1140 1342 1184 re·

391 1219 596 1303 sponderet3
631 1240 700 1303 quo
730 1220 775 1284 ad
799 1221 890 1284 diem
914 1219 1095 1302 praefixum
1125 1238 1188 1284 nec
1215 1239 1279 1301 per
1304 1241 1344 1284 se

392 1328 625 1403 comparente,
642 1340 705 1384 uec
727 1339 789 1401 per
808 1320 965 1383 nuntium
987 1339 1024 1382 se
1050 1327 1252 1396 excusante,
1276 1340 1341 1384 rex

391 1420 435 1484 de
466 1421 610 1484 consilio
637 1440 776 1484 suorum
802 1419 956 1483 decrevit
982 1418 1128 1482 ulterius
1151 1419 1342 1502 proceden-

392 1520 485 1583 dum.
537 1520 683 1584 Interim
704 1519 802 1582 miles
824 1519 965 1601 quidam
988 1518 1164 1583 Robertus
1186 1519 1230 1583 de
1253 1519 1343 1598 Ros,

392 1619 551 1683 dominus
585 1620 690 1683 castri
724 1619 767 1682 de
792 1617 915 1696 Werk,
947 1637 1015 1682 non
1042 1619 1204 1683 obstante
1232 1619 1345 1684 fideli-

393 1727 466 1783 tate
502 1738 605 1801 quam
642 1718 716 1799 regi
751 1717 890 1800 Angliae
919 1718 1113 1802 juraverat,
1143 1719 1188 1782 ad
1217 1717 1344 1784 Scotos

393 1817 601 1899 transfugit:
635 1837 740 1900 snper
767 1837 837 1900 quo
862 1837 1048 1899 germanus
1076 1818 1230 1901 ejusdem
1256 1818 1345 1883 Wil-

392 1917 515 1981 lelmus
548 1916 591 1981 de
619 1916 695 1982 Ros
718 1937 835 1999 regem
861 1917 1103 2000 praemuniens,
1130 1918 1255 2001 petivit
1275 1920 1344 1983 sibi

393 2017 485 2081 mitti
509 2016 698 2081 subsidium
728 2037 797 2100 quo
826 2026 944 2100 posset
976 2026 1128 2082 castrum
1160 2017 1345 2084 defendere

393 2125 516 2181 contra
540 2117 673 2182 Scotos.
727 2117 895 2200 Misitque
924 2137 986 2181 rex
1013 2116 1096 2180 illuc
1119 2118 1214 2182 viros
1234 2119 1345 2198 mille,

393 2218 453 2299 qui
484 2218 613 2300 recepti
645 2218 681 2280 in
721 2216 806 2281 villa
837 2216 984 2300 quadam
1026 2217 1120 2281 dicta
1151 2210 1346 2297 ²Prestfen,

394 2336 513 2381 omnes
540 2318 660 2380 eadem
692 2326 793 2381 nocte
822 2334 843 2378 a
875 2316 1001 2393 Scotis,
1032 2336 1178 2400 quorum
1209 2319 1347 2401 capita·

395 2436 481 2480 neus
505 2424 580 2480 erat
600 2415 765 2499 praelatus
791 2415 973 2499 transfuga
996 2417 1171 2481 Robertus
1193 2417 1236 2480 de
1257 2418 1345 2497 Ros,

395 2515 567 2580 interfecti
588 2523 681 2593 sunt,
707 2516 863 2599 exceptis
884 2516 1005 2599 paucis
1032 2516 1093 2600 qui
1114 2516 1240 2599 dilapsi
1260 2527 1346 2583 sunt

236 2637 282 2677 ιι
291 2637 350 2676 ser·
397 2615 492 2696 suga.
544 2615 625 2694 Quo
653 2615 784 2692 audito,
811 2635 894 2679 mox
923 2636 987 2679 rex
1011 2636 1088 2680 cum
1114 2618 1270 2681 exercitu
1298 2619 1345 2682 ad

233 2742 256 2776 t
233 2688 385 2776 “iiiiii
397 2724 548 2778 castrum
573 2715 657 2778 illud
685 2724 859 2828 properat,
882 2717 1025 2797 gavisus
1046 2717 1083 2779 in
1106 2715 1183 2793 hoc,
1209 2724 1250 2781 ut
1276 2717 1345 2781 fer·

235 2787 330 2838 mm
398 2823 466 2891 tur,
494 2814 585 2896 quod
617 2815 712 2879 Scoti
737 2815 837 2896 primi
871 2822 1049 2898 coeperaut
1072 2814 1214 2880 hostilia
1242 2837 1347 2881 exer·

234 2937 288 2975 seve
288 2935 361 2975 „sce
397 2933 486 2977 cere.
554 2914 653 2995 Rege
680 2914 799 2995 itaque
832 2914 924 2996 apud
955 2915 1157 2997 praedictum
1190 2924 1347 2982 castrum

234 2946 363 3025 tlsebbarons

234 3036 308 3075 ιιιι
317 3034 374 3083 ιιι
398 3012 601 3077 Paschalem
631 3013 883 3077 solemnitatem
905 3022 1105 3097 peragente,
1136 3023 1269 3097 septem
1290 3037 1347 3082 co-

233 3086 380 3186 ’ὲιιῗωι0ιά
397 3114 497 3176 mites
519 3113 658 3189 Scotiae,
679 3112 723 3176 de
742 3114 888 3190 Bowan,
910 3114 953 3178 de
975 3113 1166 3192 Meneteth,
1183 3115 1227 3179 de
1249 3116 1350 3182 Stra-

397 3212 512 3289 derue,
537 3212 579 3276 de
606 3212 784 3289 Lenonos,
809 3212 852 3276 de
875 3213 962 3286 Ros,
987 3213 1029 3276 do
1048 3213 1168 3292 Athel,
1189 3215 1232 3278 de
1252 3215 1348 3296 Mar,

397 3332 437 3377 ac
464 3312 619 3377 Joanncs
648 3313 739 3376 iilius
768 3311 915 3376 Joannis
943 3312 1066 3378 Comin
1094 3313 1138 3378 de
1164 3314 1349 3396 Badenau,

396 3412 542 3477 collecto
565 3413 721 3477 exercitu
742 3411 858 3476 valido
879 3413 914 3476 in
933 3412 1038 3476 Valle
1057 3412 1241 3491 Anandiae,
1259 3416 1349 3482 feria

396 3512 548 3575 secunda
581 3511 726 3577 Paschae
760 3511 924 3594 Angliam
967 3513 1125 3595 ingressi,
1159 3517 1350 3582 vastabant

397 3613 512 3674 omnia
543 3611 637 3675 caede
670 3620 705 3676 et
735 3612 906 3689 incendio,
937 3631 1006 3676 non
1036 3621 1218 3695 parcentes
1248 3618 1349 3681 aetati

397 3711 452 3773 vel
471 3712 584 3785 sexui,
601 3712 847 3794 venientesque
871 3711 1074 3776 Karleolum
1092 3714 1209 3778 urbem
1233 3714 1347 3799 ipsam

230 3829 383 3921 {l‘fff‘w‘
370 3809 574 3874 obsidione
600 3810 795 3875 cinxerunt.
862 3812 1053 3877 Combusto
1081 3821 1198 3877 autem
1224 3817 1350 3881 subur-

396 3911 465 3987 bio,
491 3909 635 3973 eumad
661 3918 796 3993 portam
822 3912 975 3976 civitatis
999 3913 1198 3978 cremabilia
1219 3934 1349 3999 conge·

431 4163 510 4214 'The
534 4167 664 4230 loregoiug
690 4173 806 4217 sentence
835 4169 857 4217 is
917 4165 1116 4229 “Prestilent'
1134 4171 1173 4221 Μ.
1184 4175 1210 4220 et
1220 4169 1350 4224 Arate.

394 4236 498 4285 omitted
509 4236 544 4297 by
556 4236 739 4300 Walsiugbanr.
882 4238 998 4288 Preston.
