2940 4950
572 463 757 512 eunucus.
1074 450 1141 515 387

183 623 219 681 et
253 615 409 681 Henrico
441 615 525 693 lilio,
554 628 589 682 et
621 619 805 683 heredibus
835 639 965 697 eorum,
992 621 1137 686 fidelita-
1150 639 1259 729 ruffi·

184 722 254 780 tem
282 726 405 780 contra
430 736 565 780 omnem
587 717 770 795 hominem,
792 719 882 785 sicut
908 720 1001 802 ligiis
1027 701 1255 791 domi-tillon

184 815 239 879 nis
271 814 355 878 suis.
409 814 455 879 Et
487 816 577 880 idem
606 817 803 882 Willelmus
833 840 895 883 rex
924 820 1060 897 Scotiae,
1092 820 1135 885 ad

183 913 386 978 mandatum
419 915 565 980 Henriei
594 918 686 998 regis
719 916 887 999 praedicti,
920 919 1016 984 venit
1043 920 1135 1001 apud

186 1012 516 1095 Northamptoniam
550 1016 593 1080 ad
623 1016 887 1100 parliamentum
914 1016 1043 1082 domini
1069 1020 1135 1096 sni,

185 1112 361 1176 adducens
392 1132 508 1177 secum
540 1134 660 1179 omnes
693 1117 886 1198 episcopos,
917 1117 1074 1195 abbates,
1100 1125 1135 1183 et

185 1212 318 1294 priores
340 1213 447 1277 totius
467 1213 565 1295 regni
586 1214 660 1287 sui;
689 1222 723 1278 et
742 1215 837 1278 venit
859 1216 963 1280 etiam
981 1217 1023 1281 ad
1043 1236 1136 1280 man·

184 1311 305 1375 datum
320 1311 473 1393 ejusdem
491 1313 581 1393 regis
599 1313 634 1375 in
652 1312 914 1378 Normanniam.
962 1308 1029 1379 ¹Et
1045 1315 1134 1379 idem

185 1429 249 1473 rex
268 1409 477 1486 Willelmus,
500 1418 579 1494 post
598 1411 785 1475 discessum
814 1412 972 1489 Henrici,
995 1415 1136 1478 veniens

186 1508 424 1585 Cantuariam,
452 1509 605 1575 Ricardo
630 1510 704 1592 regi
730 1510 882 1593 Angliae‚
910 1511 981 1577 filio
1012 1523 1048 1577 et
1074 1513 1133 1577 he·

185 1608 259 1672 redi
284 1607 368 1672 dicti
395 1609 553 1686 Henrici,
579 1609 661 1674 iecit
682 1609 893 1693 homagium.
962 1610 1042 1690 Quo
1075 1611 1136 1676 Ri-

185 1708 291 1771 cardo
318 1707 408 1770 viam
436 1708 609 1772 universae
634 1710 750 1773 carnis
778 1711 946 1792 ingresso,
970 1712 1136 1795 praesatus

185 1805 381 1871 Willelmus
404 1806 536 1871 Joanni
558 1808 630 1889 regi
655 1807 805 1890 Angliae,
830 1809 928 1874 fratri
952 1819 987 1874 et
1020 1811 1135 1876 heredi

186 1905 344 1988 praedicti
370 1904 525 1983 Ricardi,
546 1914 648 1971 extra
669 1907 844 1973 civitatem
869 1909 1059 1975 Lincolniae
1081 1903 1134 1973 'in

186 2015 373 2087 conspectu
399 2006 506 2069 totius
533 2005 651 2089 populi
677 2006 759 2071 lecit
786 2008 996 2090 homagium,
1021 2017 1056 2073 et
1076 2010 1135 2092 ju-

185 2105 279 2168 ravit
306 2104 337 2167 ei
365 2103 565 2169 fidelitatem
591 2124 696 2187 super
718 2125 852 2171 crucem
876 2108 1028 2170 Huberti
1051 2116 1133 2172 tunc

188 2202 448 2268 Cantuariensis
486 2204 757 2287 archiepiscopi3
794 2213 830 2269 et
862 2206 969 2269 eidem
1004 2204 1027 2269 J
1031 2208 1135 2270 oanni

186 2303 326 2367 domino
356 2322 420 2366 suo
445 2304 616 2367 concessit
640 2322 702 2386 per
726 2303 881 2368 chartam
907 2324 1017 2380 suam,
1041 2307 1133 2387 quod

186 2399 425 2466 Alexandrum
450 2401 556 2465 filium
581 2422 695 2479 suum,
711 2403 801 2468 sicut
822 2404 990 2467 hominem
1012 2405 1134 2486 ligium

186 2520 301 2577 suum,
325 2501 515 2577 maritaret,
543 2501 776 2583 promittendo
800 2502 943 2567 firmiter
967 2504 1003 2566 in
1018 2503 1139 2568 charta

186 2599 319 2676 eadem,
349 2598 441 2682 quod
471 2599 561 2664 idem
598 2599 794 2664 Willelmus
831 2621 893 2665 rex
926 2602 1065 2678 Scotiae,
1103 2611 1138 2668 et

188 2698 389 2764 Alexander
421 2698 512 2763 iilius
548 2718 645 2776 suus,
687 2699 842 2765 Henrico
876 2701 948 2766 filio
989 2701 1138 2766 Joannis

187 2797 280 2880 regis
305 2796 459 2879 Angliae,
487 2806 653 2880 tanquam
675 2799 759 2881 ligio
787 2799 926 2864 domino
951 2820 1026 2878 suo,
1060 2820 1139 2865 con-

188 2904 243 2960 tra
278 2916 396 2960 omnes
423 2896 587 2961 mortales
615 2897 717 2962 fidem
748 2906 783 2962 et
813 2899 1013 2964 fidelitatem
1042 2908 1138 2964 tene·

187 3003 283 3060 rent:
310 3013 417 3077 aquo
442 2995 580 3077 quidem
600 2996 777 3061 Willelmo
800 3017 882 3080 rege
899 2999 1025 3064 Scotiae
1043 3007 1139 3082 post·

188 3094 337 3171 modum,
353 3114 417 3177 pro
436 3114 478 3158 co
502 3095 596 3178 quod
621 3095 890 3178 desponsaverat
910 3098 1015 3162 filiam
1039 3118 1137 3162 suam

188 3194 306 3259 comiti
338 3193 495 3258 Boloniac
532 3202 659 3277 praeter
693 3194 717 3258 J
720 3196 842 3259 oannis
876 3197 968 3277 regis
1012 3197 1139 3260 domini

187 3293 242 3358 sui
258 3311 449 3369 assensum,
467 3312 530 3375 pro
552 3293 827 3375 transgressione
846 3302 882 3358 et
902 3301 1032 3358 temera
1052 3314 1140 3376 prae·

187 3391 383 3475 sumptione
424 3390 623 3476 hujusmodi
670 3392 821 3457 debitam
867 3392 1138 3457 satisfactionem

186 3492 352 3574 suscepit.

169 3590 175 3595 '
239 3589 363 3666 ‘Item,
382 3586 583 3653 Alexander
600 3608 662 3653 rex
679 3591 817 3667 Scotiae,
832 3589 986 3655 sororius
1009 3597 1139 3666 noster,

180 3689 264 3771 regi
297 3688 453 3754 Henrico
483 3686 636 3770 Angliae,
665 3690 756 3772 patri
780 3699 914 3767 nostro,
946 3709 1009 3773 pro
1033 3709 1140 3772 regno

188 3789 328 3865 Scotiae,
357 3795 393 3852 et
425 3795 547 3870 postea
576 3788 675 3853 nohis
699 3789 781 3855 iecit
807 3790 1016 3871 homagium.
1070 3788 1141 3853 Va·

224 4014 654 4077 ¹‘Annolltllidem3'ltlattWest
713 4014 782 4066 '‘in
803 4023 940 4078 conspectu
957 4018 1036 4065 totius
1054 4017 1141 4079 populi

189 4086 248 4135 who
264 4086 324 4136 here
340 4086 390 4135 and
408 4085 547 4135 elsewhere
562 4086 654 4135 inserts
678 4101 755 4147 super
766 4087 892 4147 quendam
907 4091 1015 4135 montem
1027 4085 1088 4135 iecit
1098 4085 1143 4134 ho·

188 4155 232 4205 the
243 4156 341 4205 several
355 4156 437 4213 dates,
452 4170 482 4204 as
495 4156 528 4203 do
544 4155 599 4203 also
611 4155 653 4203 the
678 4157 790 4217 magiam
801 4157 817 4216 ;'
831 4156 907 4204 Matr.
920 4155 1001 4204 West.

188 4225 267 4274 Mss,
279 4224 327 4275 Ar.
338 4224 389 4273 and
400 4225 455 4274 Cot.
467 4224 630 4286 throughout.

967 4323 1035 4366 002
