2940 4950
571 466 753 514 aurnuns.
1071 458 1137 520 405

184 621 347 685 reducere
364 623 407 686 ad
425 624 528 701 ovile,
547 645 661 707 regem
690 626 902 690 Francorum
932 646 1000 689 nou
1017 635 1134 708 peten-

185 730 255 785 tem
279 742 300 784 a
322 725 495 787 sententia
516 726 895 803 excommunicationis,
919 745 980 807 per
1001 726 1134 808 praede·

184 840 355 884 cessorem
374 842 473 885 suum
491 824 563 887 lata
578 825 613 887 in
630 844 720 900 eum,
738 825 898 889 absolvit.

236 920 315 983 Rex
334 921 493 985 Franciae
510 924 627 987 abbati
639 922 859 987 cisterciensi
877 924 1039 1000 offensus,
1049 924 1131 1006 quia
1145 944 1214 994 rann
1223 955 1270 994 pn.

184 1019 222 1082 iu
242 1020 508 1102 appellationem
533 1031 653 1087 contra
675 1042 798 1106 papam
826 1024 1042 1087 Bonisacium
1061 1044 1130 1087 nou
1143 995 1277 1087 tillidi:

185 1128 419 1197 consenserat,
445 1122 561 1184 omnia
587 1123 796 1185 monasteria
819 1121 972 1205 ejusdem
1001 1121 1131 1187 ordinis

187 1217 223 1280 in
239 1237 345 1300 regno
362 1219 520 1282 Franciae
542 1223 732 1284 constituta
749 1215 948 1303 ¹plurimum
971 1221 1133 1285 molesta-

186 1317 259 1395 vit3
292 1320 550 1402 propterquod
582 1320 688 1383 abbas
722 1320 814 1384 ultro
842 1320 1000 1401 regimini
1028 1323 1133 1384 cessit

187 1416 317 1480 ordinis
340 1418 403 1481 sui.
457 1419 641 1482 Dominica
663 1427 743 1482 ante
760 1418 885 1482 festum
911 1420 1004 1483 beati
1021 1418 1044 1482 J
1047 1438 1130 1482 oan-

187 1517 242 1578 nis
261 1516 442 1598 Baptistae,
462 1518 553 1600 apud
574 1518 790 1595 Pussiacum,
809 1517 1032 1583 Carnotensis
1048 1519 1134 1582 dioe-

187 1614 288 1692 cesis,
306 1617 429 1698 positae
445 1624 526 1681 sunt
541 1637 677 1681 sorores
692 1616 836 1682 fratrum
853 1618 982 1682 ordinis
1002 1617 1134 1681 Praedi-

188 1722 344 1778 catorum
358 1717 393 1778 in
408 1718 617 1781 monasterio
634 1736 655 1781 a
672 1709 753 1798 rege
771 1717 984 1782 Francorum
1000 1718 1135 1781 noviter

189 1822 399 1892 constructo,
417 1816 453 1879 in
470 1816 597 1881 honore
611 1817 705 1880 beati
722 1817 895 1898 quondam
912 1818 1004 1899 regis
1024 1817 1134 1880 Fran-

188 1912 252 1976 ciae
270 1913 447 1980 Lodovici.
499 1917 567 1979 Die
592 1935 757 1978 nouarum
774 1915 797 1979 J
801 1915 860 1978 ulii
882 1917 1027 1980 moritur
1043 1935 1136 1998 papa

191 2011 399 2078 Benedictus
423 2014 579 2092 Perusii;
608 2022 687 2097 post
702 2014 801 2096 cujus
817 2016 948 2078 obitum
965 2035 1041 2078 cum
1060 2034 1135 2078 car-

190 2110 323 2174 dinales
345 2113 380 2176 iu
402 2114 568 2178 electione
585 2113 710 2176 summi
733 2114 904 2195 pontificis
919 2112 1137 2190 dissiderent,

190 2211 374 2275 secundum
421 2213 700 2278 constitutionem
735 2206 913 2293 ²Gregorii
952 2212 1086 2288 decimi,
1116 2231 1138 2274 a

190 2309 323 2374 civibus
341 2311 604 2376 concluduntur.
645 2310 828 2393 Phiiippus
845 2331 906 2375 rex
924 2311 1137 2375 Francorum
1150 2335 1248 2377 merra

191 2408 228 2471 in
245 2429 349 2474 manu
366 2410 482 2475 valida
498 2411 617 2492 copias
636 2410 899 2473 Flaudrensium
916 2410 1025 2489 fudit3
1047 2411 1138 2473 iuter
1150 2386 1267 2476 {dliii

1152 2487 1226 2533 Douay
1236 2490 1257 2523 to
1264 2484 1301 2522 the

190 2526 279 2589 quos
308 2509 430 2573 cecidit
448 2509 646 2573 Willelmus
675 2508 717 2571 de
743 2508 766 2572 J
770 2509 913 2585 uliariis,
934 2510 994 2591 qui
1021 2529 1137 2573 eorum
1152 2534 1300 2583 sanemur.

190 2607 394 2687 capitaneus
419 2607 532 2671 fuerat
563 2606 783 2672 constitutus.
837 2607 1076 2673 Reddideruut
1103 2627 1140 2671 se

191 2725 259 2769 non
278 2706 387 2768 multo
404 2713 484 2788 post
502 2707 574 2787 regi
603 2707 818 2770 Francorum
833 2708 911 2772 duae
925 2708 1017 2772 villae
1036 2707 1140 2770 Flan-

191 2804 275 2867 driae
294 2805 439 2883 nobiles,
457 2806 579 2871 Insula
597 2813 632 2870 et
650 2807 822 2871 Duacum.

210 3028 339 3066 urnac.
426 3029 664 3067 r.uounroauua.
764 3031 918 3067 rmnconuu
972 3029 1112 3065 nuocouuu

203 3013 942 3237 wn-
967 3115 1084 3151 rnwauar
1098 3116 1117 3150 r.

440 3176 463 3220 1.
634 3177 659 3220 7.
823 3177 864 3220 20.
1057 3206 1063 3219 .

244 3315 330 3378 Rux
355 3314 507 3395 Angliae,
524 3313 692 3378 ordinatis
720 3314 820 3377 rebus
847 3312 983 3385 Sentice,
1003 3311 1144 3374 reverti-

196 3415 302 3479 turin
317 3412 492 3494 Angliam,
505 3412 528 3476 J
533 3433 644 3477 oanne
660 3413 702 3476 de
720 3412 884 3493 Segrave,
902 3409 1010 3473 milite
1027 3408 1145 3483 nobili,

195 3513 338 3577 custode
364 3521 465 3576 terrae
494 3512 625 3576 relicto.
678 3506 893 3575 ³Willelmus
913 3508 1059 3583 Waleis,
1086 3507 1146 3589 qui
1157 3524 1295 3624 gmon

195 3613 348 3677 Scotiam
365 3619 611 3688 commoverat,
630 3619 752 3693 captus
770 3609 970 3674 Loudonias
987 3607 1125 3671 ducitur
1136 3626 1144 3685 ;
1157 3623 1280 3675 prmum.

1158 3674 1296 3720 condemned,

196 3719 231 3775 et
247 3711 373 3774 ibidem
386 3710 600 3794 judicialiter
617 3710 878 3786 condemnatus
896 3707 1056 3784 trahitur,
1071 3724 1148 3769 sus·
1159 3726 1241 3823 affl
1259 3771 1301 3810 md

194 3811 368 3894 penditur,
387 3818 423 3874 et
440 3810 560 3874 ultimo
577 3809 790 3874 decollatur:
815 3809 915 3893 cujus
934 3815 1039 3889 caput
1057 3806 1148 3869 Lon·
1159 3823 1298 3864 areauna

1161 3874 1258 3917 Loudom

230 4032 238 4063 ¹
255 4030 481 4095 ‘multipliciten’
494 4033 533 4081 M.

229 4103 394 4165 '‘Gregorii
418 4118 503 4164 papae,
526 4101 627 4150 demum
647 4116 664 4148 a
723 4097 819 4146 ’Here
850 4098 888 4146 M.
911 4096 999 4157 begins
1025 4094 1067 4143 the
1090 4109 1153 4155 year

196 4175 297 4223 civibus
309 4173 495 4222 concluduntur
505 4167 524 4232 ;’
537 4172 575 4220 M.
585 4189 591 4219 :
608 4172 663 4219 ‘in·
689 4166 819 4218 MCCGV.

195 4244 336 4294 cluduntur
343 4239 363 4304 3'
376 4242 494 4292 Amen.
