2940 4950
524 442 706 488 annuens.
1036 426 1102 490 205

142 592 321 673 Cllnrsro,
338 604 373 661 et
390 596 529 662 domino
554 598 698 679 Pelagio
725 597 913 661 Albanensi
936 599 1099 680 episcopo
1113 610 1237 698 5⁸33:pr

141 694 288 759 solerter
308 706 444 778 agente,
469 698 605 780 capitur
631 699 793 762 Damiata
815 697 849 758 in
874 698 982 760 oculis
1008 698 1098 777 regis
1115 672 1198 749 uhu?-
1225 688 1230 698 '

144 793 347 877 Babylonis,
370 798 429 878 qui
452 796 570 860 divino
592 805 722 861 terrore
740 790 748 826 ¹
756 816 951 879 percussus,
971 797 1097 859 milites

142 890 360 959 Christianos
374 916 469 960 more
486 904 650 960 consueto
666 897 810 977 aggredi
829 916 897 959 non
912 904 965 960 est
979 915 1096 959 ausus.

144 990 209 1056 Est
231 1002 346 1058 autem
371 995 534 1059 Damiata
558 996 681 1058 civitas
700 995 846 1078 AEgypti
870 996 1097 1058 maritimam

143 1097 237 1154 terra
267 1091 415 1172 Gesscn,
443 1096 533 1158 inter
566 1095 734 1159 Ramesse
761 1102 796 1157 et
824 1087 1098 1176 ²Campotaneos

142 1190 224 1267 sita,
246 1193 460 1258 antemurale
481 1195 588 1258 totins
608 1194 765 1277 AEgypti,
787 1194 982 1275 Heliopolis
1006 1193 1099 1258 dicta

144 1288 240 1355 olim.

194 1390 277 1456 Hoc
299 1409 391 1457 anno
410 1392 607 1458 Willelmus
625 1393 823 1457 Marescalli
847 1393 960 1456 senior
982 1392 1099 1455 desim-
1114 1406 1217 1469 Bethor

143 1491 250 1571 gitur,
280 1500 316 1556 et
344 1492 379 1556 in
410 1495 561 1557 crastino
589 1494 811 1557 Ascensionis
841 1492 931 1575 apud
960 1492 1099 1555 Novum
1113 1456 1256 1545 mihil-⁰¹⁰

144 1590 325 1673 Templum
348 1591 537 1657 Londoniae
562 1593 738 1676 sepelitur.
794 1592 863 1655 Hic
886 1592 982 1673 prolc
1005 1591 1101 1667 felix,

146 1690 297 1772 quinque
336 1690 457 1757 hebuit
496 1692 597 1766 lilios,
628 1712 773 1773 quorum
808 1691 1004 1755 Willclmus
1037 1689 1101 1754 luit

145 1798 299 1871 paternae
323 1790 525 1856 hereditatis
552 1811 750 1855 successor:
776 1800 810 1856 et
827 1792 978 1874 quinque
1000 1791 1100 1865 filiae,

146 1908 291 1970 quarum
314 1890 482 1954 seniorem
507 1891 688 1956 Matililem
709 1892 854 1974 Ilugoni
872 1890 1013 1972 Bigoth,
1030 1884 1101 1954 ³se-

145 1988 293 2052 cundum
335 1988 509 2053 Joannarn
549 1990 683 2054 Garino
723 1992 766 2055 de
808 1990 1101 2065 Monte-Camisii,

147 2088 284 2151 tertiam
318 2088 504 2153 isabellam
533 2087 692 2154 Gilbcrto
720 2091 762 2154 de
797 2089 910 2163 Clare,
942 2098 1101 2171 quartam

146 2186 304 2252 Sihillam
321 2186 497 2253 Willelmo
515 2190 558 2253 de
578 2189 747 2253 Ferrariis
767 2190 883 2252 comiti
900 2189 1102 2270 Dercheyae,

147 2286 304 2368 quintam
320 2287 430 2352 Evam
446 2287 623 2352 Willelmo
646 2289 688 2351 de
705 2289 872 2363 Brchuse,
892 2287 972 2348 dum
992 2287 1103 2351 adlmc

146 2386 293 2462 viveret,
318 2387 507 2453 maritavit.
559 2387 615 2451 Ad
640 2407 786 2469 quarum
810 2386 964 2463 heredes,
987 2385 1102 2450 defici-

146 2491 228 2549 ente
261 2485 425 2551 fratrihus
459 2488 689 2562 successione,
726 2488 835 2550 totius
871 2485 1101 2551 illarescalliae

147 2583 320 2650 hereditas
336 2586 549 2669 amplissima
564 2600 616 2650 est
634 2586 810 2652 devoluta.

165 2786 297 2824 miano.
376 2788 398 2825 Ρ.
417 2788 578 2823 uolitantum
598 2790 623 2825 li.
694 2792 697 2857 ⁴
732 2790 884 2825 salaminon
940 2789 1079 2852 ANGLtfflQ

161 2844 522 2854 ———--——-
707 2847 1021 2855 .-—.-.—--...—.
1052 2848 1058 2853 .

178 2872 273 2911 noexx.
318 2860 681 2991 noaoannrpraneemciu.
730 2876 884 2912 mmmmm
916 2848 1090 2981 ineumcini.

383 2935 408 2980 4.
583 2936 608 2981 9.
789 2936 830 2981 tt,
996 2936 1020 2982 4.

199 3070 450 3150 Fannnmcus,
477 3071 713 3137 Romanorum
742 3081 777 3135 ot
797 3072 924 3137 Siciliae
955 3094 1028 3151 rex,
1055 3075 1190 3137 ahmxei

149 3170 309 3236 Honorio
335 3191 428 3254 papa
450 3173 485 3236 in
504 3172 645 3235 basilica
672 3172 707 3235 S.
727 3171 822 3235 Petri
850 3174 1012 3253 apostoli,
1039 3175 1102 3235 im-
1116 3148 1198 3179 'mm'

148 3270 270 3352 periali
285 3270 479 3335 diademate
497 3280 694 3336 coronatur.
746 3270 788 3333 ln
807 3271 895 3333 festo
915 3271 1101 3335 Pentecos-

149 3375 202 3434 tes
224 3389 285 3433 rex
302 3370 478 3435 chricus
501 3371 689 3434 Londoniis
712 3377 906 3433 coronatur.
953 3370 1102 3450 Treugre

147 3476 298 3551 quatuor
315 3489 482 3535 annorum
501 3470 592 3535 inter
610 3470 809 3552 Philippum
830 3468 1042 3533 Francorum
1066 3478 1101 3535 ct
1184 3528 1187 3533 .

185 3708 194 3742 ¹
210 3712 362 3773 ‘perculsus
370 3708 387 3771 ;’
400 3705 432 3759 D’
434 3710 467 3761 A.
639 3710 694 3759 eide
713 3708 743 3757 os
756 3709 798 3757 the
815 3710 924 3758 circular
942 3725 1006 3759 nave
1021 3710 1050 3758 ol
1061 3710 1104 3759 the

185 3778 230 3830 ¹i.
247 3796 271 3830 e.
289 3781 433 3842 Taphneor.
468 3781 557 3831 ‘llaec
576 3787 615 3829 est
639 3780 742 3841 Temple
767 3778 879 3837 Choreb,
909 3781 1029 3840 london3
1061 3780 1101 3829 hie

147 3850 263 3913 'l'aphnie
278 3852 356 3913 cujus
370 3851 455 3913 campi
472 3850 498 3898 in
518 3851 615 3912 psalmo
640 3849 723 3897 swerd
735 3850 848 3911 piercing
858 3849 900 3897 the
909 3850 975 3898 head
984 3850 1014 3897 oi
1020 3865 1035 3898 a
1044 3850 1103 3911 dog.

150 3921 264 3970 meminit
299 3920 423 3982 propheta
462 3920 559 3980 David,
590 3926 615 3968 et
642 3920 734 3968 Beside
742 3919 793 3967 him
802 3920 859 3980 lien,
867 3920 1039 3967 witheroaeed
1049 3920 1104 3979 lege

151 3990 257 4040 Esaiam
274 3990 369 4039 ‘Stulti
389 3990 516 4051 principes
531 3990 615 4051 Taph·
640 3990 690 4037 and
706 3990 731 4036 in
746 3988 788 4037 the
807 3994 848 4037 act
866 3988 895 4036 oi
911 3988 1044 4049 rheathing
1064 3988 1105 4036 hie

149 4060 229 4121 neoe,'
238 4066 265 4111 et
275 4065 369 4110 ctera
378 4056 392 4121 ;’
411 4060 475 4122 Rog.
486 4059 516 4109 os
524 4060 615 4108 Weml.
640 4060 733 4115 swerd,
755 4058 798 4106 the
821 4060 910 4118 ligure,
931 4058 985 4104 also
1008 4071 1105 4104 recum-

148 4132 183 4179 ir.
194 4134 237 4181 62.
640 4129 708 4188 bont,
716 4128 745 4176 os
753 4128 794 4177 the
806 4128 858 4175 carl
870 4126 899 4175 ol
909 4125 1050 4174 Pemhroke
1062 4126 1104 4174 the

185 4196 198 4229 ⁸
214 4200 265 4251 ilie
275 4198 351 4263 efflgy
361 4200 411 4249 lien
421 4215 452 4248 on
469 4198 511 4249 the
525 4200 616 4262 epietle
642 4212 764 4259 younger,
775 4197 816 4245 hie
827 4211 881 4246 son.
