<?xml version="1.0" encoding="UTF-8"?>
<!DOCTYPE html PUBLIC "-//W3C//DTD XHTML 1.0 Transitional//EN"
    "http://www.w3.org/TR/xhtml1/DTD/xhtml1-transitional.dtd">
<html xmlns="http://www.w3.org/1999/xhtml" xml:lang="en" lang="en">
 <head>
  <title>
</title>
<meta http-equiv="Content-Type" content="text/html;charset=utf-8" />
  <meta name='ocr-system' content='tesseract 3.04.00' />
  <meta name='ocr-capabilities' content='ocr_page ocr_carea ocr_par ocr_line ocrx_word'/>
</head>
<body>
  <div class='ocr_page' id='page_1' title='image "./fnicholaitrivet00trivgoog_0161.png"; bbox 0 0 2940 4950; ppageno 0'>
   <div class='ocr_carea' id='block_1_1' title="bbox 338 424 933 489">
    <p class='ocr_par' dir='ltr' id='par_1_1' title="bbox 338 424 933 489">
     <span class='ocr_line' id='line_1_1' title="bbox 338 424 933 489; baseline -0.007 0"><span class='ocrx_word' id='word_1_1' title='bbox 338 424 404 489; x_wconf 81' lang='lat'><strong>128</strong></span> <span class='ocrx_word' id='word_1_2' title='bbox 688 440 763 489; x_wconf 77' lang='lat' dir='ltr'><strong>rue.</strong></span> <span class='ocrx_word' id='word_1_3' title='bbox 786 438 933 487; x_wconf 76' lang='lat' dir='ltr'><strong>rnrvrn</strong></span> 
     </span>
    </p>
   </div>
   <div class='ocr_carea' id='block_1_2' title="bbox 180 596 1320 3473">
    <p class='ocr_par' dir='ltr' id='par_1_2' title="bbox 338 596 1306 682">
     <span class='ocr_line' id='line_1_2' title="bbox 338 596 1306 682; baseline 0 -19"><span class='ocrx_word' id='word_1_4' title='bbox 338 601 467 682; x_wconf 75' lang='lat' dir='ltr'><strong>ignotae</strong></span> <span class='ocrx_word' id='word_1_5' title='bbox 504 597 655 678; x_wconf 79' lang='lat' dir='ltr'><strong>regionis</strong></span> <span class='ocrx_word' id='word_1_6' title='bbox 696 596 945 661; x_wconf 88' lang='lat' dir='ltr'><strong>constitutione</strong></span> <span class='ocrx_word' id='word_1_7' title='bbox 981 614 1061 659; x_wconf 89' lang='lat' dir='ltr'><strong>cnm</strong></span> <span class='ocrx_word' id='word_1_8' title='bbox 1099 615 1167 662; x_wconf 87' lang='lat' dir='ltr'><strong>sua</strong></span> <span class='ocrx_word' id='word_1_9' title='bbox 1206 617 1306 663; x_wconf 90' lang='lat' dir='ltr'><strong>com·</strong></span> 
     </span>
    </p>

    <p class='ocr_par' dir='ltr' id='par_1_3' title="bbox 231 690 1306 1077">
     <span class='ocr_line' id='line_1_3' title="bbox 231 690 1306 783; baseline 0.002 -21"><span class='ocrx_word' id='word_1_10' title='bbox 231 690 236 700; x_wconf 59' lang='lat'><strong>¹</strong></span> <span class='ocrx_word' id='word_1_11' title='bbox 338 698 500 783; x_wconf 82' lang='lat' dir='ltr'>plexione</span> <span class='ocrx_word' id='word_1_12' title='bbox 528 694 677 761; x_wconf 90' lang='lat' dir='ltr'><strong>naturali</strong></span> <span class='ocrx_word' id='word_1_13' title='bbox 700 696 840 760; x_wconf 91' lang='lat' dir='ltr'><strong>minime</strong></span> <span class='ocrx_word' id='word_1_14' title='bbox 864 696 1106 761; x_wconf 73' lang='lat' dir='ltr'><strong>concordante.</strong></span> <span class='ocrx_word' id='word_1_15' title='bbox 1160 696 1306 764; x_wconf 80' lang='lat' dir='ltr'><strong>Invita·</strong></span> 
     </span>
     <span class='ocr_line' id='line_1_4' title="bbox 338 796 1304 879; baseline 0.001 -17"><span class='ocrx_word' id='word_1_16' title='bbox 338 806 396 863; x_wconf 90' lang='lat' dir='ltr'><strong>tus</strong></span> <span class='ocrx_word' id='word_1_17' title='bbox 412 797 633 860; x_wconf 90' lang='lat' dir='ltr'><strong>nibilominus</strong></span> <span class='ocrx_word' id='word_1_18' title='bbox 655 816 717 879; x_wconf 87' lang='lat' dir='ltr'><strong>per</strong></span> <span class='ocrx_word' id='word_1_19' title='bbox 733 815 850 879; x_wconf 80' lang='lat' dir='ltr'><strong>regem</strong></span> <span class='ocrx_word' id='word_1_20' title='bbox 875 796 1032 861; x_wconf 66' lang='lat' dir='ltr'><strong>Francia</strong></span> <span class='ocrx_word' id='word_1_21' title='bbox 1055 796 1101 861; x_wconf 84' lang='lat' dir='ltr'><strong>ad</strong></span> <span class='ocrx_word' id='word_1_22' title='bbox 1122 797 1304 863; x_wconf 82' lang='lat' dir='ltr'><strong>assultum</strong></span> 
     </span>
     <span class='ocr_line' id='line_1_5' title="bbox 338 896 1304 978; baseline 0.001 -16"><span class='ocrx_word' id='word_1_23' title='bbox 338 896 545 973; x_wconf 81' lang='lat' dir='ltr'><strong>faciendum,</strong></span> <span class='ocrx_word' id='word_1_24' title='bbox 577 915 654 960; x_wconf 92' lang='lat' dir='ltr'><strong>cum</strong></span> <span class='ocrx_word' id='word_1_25' title='bbox 686 916 724 960; x_wconf 87' lang='lat' dir='ltr'><strong>se</strong></span> <span class='ocrx_word' id='word_1_26' title='bbox 756 896 878 959; x_wconf 92' lang='lat' dir='ltr'><strong>morbo</strong></span> <span class='ocrx_word' id='word_1_27' title='bbox 906 904 1103 973; x_wconf 76' lang='lat' dir='ltr'><strong>excusaret,</strong></span> <span class='ocrx_word' id='word_1_28' title='bbox 1130 896 1210 978; x_wconf 85' lang='lat' dir='ltr'><strong>ipse</strong></span> <span class='ocrx_word' id='word_1_29' title='bbox 1235 918 1304 963; x_wconf 85' lang='lat' dir='ltr'><strong>rex</strong></span> 
     </span>
     <span class='ocr_line' id='line_1_6' title="bbox 340 988 1303 1077; baseline 0 -16"><span class='ocrx_word' id='word_1_30' title='bbox 340 998 496 1061; x_wconf 85' lang='lat' dir='ltr'><strong>Franciae</strong></span> <span class='ocrx_word' id='word_1_31' title='bbox 510 997 545 1058; x_wconf 88' lang='lat' dir='ltr'><strong>in</strong></span> <span class='ocrx_word' id='word_1_32' title='bbox 559 997 693 1060; x_wconf 87' lang='lat' dir='ltr'><strong>octavis</strong></span> <span class='ocrx_word' id='word_1_33' title='bbox 707 995 743 1060; x_wconf 89' lang='lat' dir='ltr'><strong>S.</strong></span> <span class='ocrx_word' id='word_1_34' title='bbox 759 995 783 1060; x_wconf 85' lang='lat' dir='ltr'>J</span> <span class='ocrx_word' id='word_1_35' title='bbox 785 996 909 1059; x_wconf 87' lang='lat' dir='ltr'><strong>oannis</strong></span> <span class='ocrx_word' id='word_1_36' title='bbox 924 988 1110 1077; x_wconf 73' lang='lat' dir='ltr'><strong>¹Baptistae</strong></span> <span class='ocrx_word' id='word_1_37' title='bbox 1124 1015 1208 1059; x_wconf 91' lang='lat' dir='ltr'><strong>eum</strong></span> <span class='ocrx_word' id='word_1_38' title='bbox 1224 999 1303 1062; x_wconf 88' lang='lat' dir='ltr'><strong>suis</strong></span> 
     </span>
    </p>

    <p class='ocr_par' dir='ltr' id='par_1_4' title="bbox 339 1094 1305 1279">
     <span class='ocr_line' id='line_1_7' title="bbox 339 1094 1304 1178; baseline 0.003 -19"><span class='ocrx_word' id='word_1_39' title='bbox 339 1097 415 1160; x_wconf 88' lang='lat' dir='ltr'><strong>urbi</strong></span> <span class='ocrx_word' id='word_1_40' title='bbox 445 1096 539 1160; x_wconf 88' lang='lat' dir='ltr'><strong>dedit</strong></span> <span class='ocrx_word' id='word_1_41' title='bbox 564 1096 743 1159; x_wconf 88' lang='lat' dir='ltr'><strong>insultum.</strong></span> <span class='ocrx_word' id='word_1_42' title='bbox 794 1094 864 1159; x_wconf 88' lang='lat' dir='ltr'><strong>Sed</strong></span> <span class='ocrx_word' id='word_1_43' title='bbox 891 1114 970 1159; x_wconf 91' lang='lat' dir='ltr'><strong>eum</strong></span> <span class='ocrx_word' id='word_1_44' title='bbox 999 1114 1068 1159; x_wconf 90' lang='lat' dir='ltr'><strong>non</strong></span> <span class='ocrx_word' id='word_1_45' title='bbox 1102 1095 1304 1178; x_wconf 83' lang='lat' dir='ltr'><strong>proficeret,</strong></span> 
     </span>
     <span class='ocr_line' id='line_1_8' title="bbox 339 1194 1305 1279; baseline 0.003 -20"><span class='ocrx_word' id='word_1_46' title='bbox 339 1197 423 1279; x_wconf 91' lang='lat' dir='ltr'><strong>quin</strong></span> <span class='ocrx_word' id='word_1_47' title='bbox 446 1197 550 1259; x_wconf 90' lang='lat' dir='ltr'><strong>immo</strong></span> <span class='ocrx_word' id='word_1_48' title='bbox 572 1194 750 1259; x_wconf 88' lang='lat' dir='ltr'><strong>machinas</strong></span> <span class='ocrx_word' id='word_1_49' title='bbox 773 1207 809 1259; x_wconf 85' lang='lat' dir='ltr'><strong>et</strong></span> <span class='ocrx_word' id='word_1_50' title='bbox 827 1194 896 1259; x_wconf 91' lang='lat' dir='ltr'><strong>alia</strong></span> <span class='ocrx_word' id='word_1_51' title='bbox 919 1195 1149 1258; x_wconf 86' lang='lat' dir='ltr'><strong>instrumenta</strong></span> <span class='ocrx_word' id='word_1_52' title='bbox 1171 1196 1305 1261; x_wconf 86' lang='lat' dir='ltr'><strong>bellica</strong></span> 
     </span>
    </p>

    <p class='ocr_par' dir='ltr' id='par_1_5' title="bbox 338 1288 1303 1378">
     <span class='ocr_line' id='line_1_9' title="bbox 338 1288 1303 1378; baseline 0.002 -19"><span class='ocrx_word' id='word_1_53' title='bbox 338 1297 419 1378; x_wconf 84' lang='lat' dir='ltr'><strong>igne</strong></span> <span class='ocrx_word' id='word_1_54' title='bbox 436 1294 562 1359; x_wconf 81' lang='lat' dir='ltr'><strong>Graeco</strong></span> <span class='ocrx_word' id='word_1_55' title='bbox 577 1302 738 1377; x_wconf 86' lang='lat' dir='ltr'><strong>correpta</strong></span> <span class='ocrx_word' id='word_1_56' title='bbox 759 1293 922 1377; x_wconf 86' lang='lat' dir='ltr'><strong>dissipari</strong></span> <span class='ocrx_word' id='word_1_57' title='bbox 944 1313 1006 1378; x_wconf 91' lang='lat' dir='ltr'><strong>per</strong></span> <span class='ocrx_word' id='word_1_58' title='bbox 1026 1288 1180 1359; x_wconf 76' lang='lat' dir='ltr'><strong>&#39;Tereos</strong></span> <span class='ocrx_word' id='word_1_59' title='bbox 1198 1297 1303 1375; x_wconf 86' lang='lat' dir='ltr'><strong>vidit,</strong></span> 
     </span>
    </p>

    <p class='ocr_par' dir='ltr' id='par_1_6' title="bbox 339 1392 1305 1573">
     <span class='ocr_line' id='line_1_10' title="bbox 339 1392 1305 1476; baseline 0.002 -17"><span class='ocrx_word' id='word_1_60' title='bbox 339 1416 383 1459; x_wconf 84' lang='lat' dir='ltr'><strong>ex</strong></span> <span class='ocrx_word' id='word_1_61' title='bbox 420 1396 525 1459; x_wconf 82' lang='lat' dir='ltr'><strong>taedio</strong></span> <span class='ocrx_word' id='word_1_62' title='bbox 553 1396 589 1457; x_wconf 90' lang='lat' dir='ltr'><strong>in</strong></span> <span class='ocrx_word' id='word_1_63' title='bbox 622 1394 823 1476; x_wconf 81' lang='lat' dir='ltr'><strong>languorem</strong></span> <span class='ocrx_word' id='word_1_64' title='bbox 856 1393 983 1458; x_wconf 88' lang='lat' dir='ltr'><strong>dicitur</strong></span> <span class='ocrx_word' id='word_1_65' title='bbox 1010 1392 1193 1474; x_wconf 88' lang='lat' dir='ltr'><strong>incidisse;</strong></span> <span class='ocrx_word' id='word_1_66' title='bbox 1230 1396 1305 1461; x_wconf 87' lang='lat' dir='ltr'><strong>cito</strong></span> 
     </span>
     <span class='ocr_line' id='line_1_11' title="bbox 340 1493 1303 1573; baseline -0.001 -13"><span class='ocrx_word' id='word_1_67' title='bbox 340 1504 455 1560; x_wconf 90' lang='lat' dir='ltr'><strong>tamen</strong></span> <span class='ocrx_word' id='word_1_68' title='bbox 477 1495 723 1560; x_wconf 78' lang='lat' dir='ltr'><strong>convalescens</strong></span> <span class='ocrx_word' id='word_1_69' title='bbox 744 1495 868 1558; x_wconf 89' lang='lat' dir='ltr'><strong>iterum</strong></span> <span class='ocrx_word' id='word_1_70' title='bbox 885 1493 1018 1559; x_wconf 87' lang='lat' dir='ltr'><strong>civitati</strong></span> <span class='ocrx_word' id='word_1_71' title='bbox 1035 1494 1097 1558; x_wconf 90' lang='lat' dir='ltr'><strong>dat</strong></span> <span class='ocrx_word' id='word_1_72' title='bbox 1114 1495 1303 1573; x_wconf 86' lang='lat' dir='ltr'><strong>insultum,</strong></span> 
     </span>
    </p>

    <p class='ocr_par' dir='ltr' id='par_1_7' title="bbox 339 1593 1303 1980">
     <span class='ocr_line' id='line_1_12' title="bbox 339 1593 1303 1679; baseline 0.003 -21"><span class='ocrx_word' id='word_1_73' title='bbox 339 1596 395 1659; x_wconf 90' lang='lat' dir='ltr'><strong>cui</strong></span> <span class='ocrx_word' id='word_1_74' title='bbox 427 1596 617 1658; x_wconf 77' lang='lat' dir='ltr'><strong>intererant</strong></span> <span class='ocrx_word' id='word_1_75' title='bbox 644 1593 798 1657; x_wconf 87' lang='lat' dir='ltr'><strong>homines</strong></span> <span class='ocrx_word' id='word_1_76' title='bbox 823 1595 916 1675; x_wconf 80' lang='lat' dir='ltr'><strong>regis</strong></span> <span class='ocrx_word' id='word_1_77' title='bbox 944 1593 1099 1659; x_wconf 85' lang='lat' dir='ltr'><strong>Ricardi.</strong></span> <span class='ocrx_word' id='word_1_78' title='bbox 1152 1594 1203 1660; x_wconf 87' lang='lat' dir='ltr'><strong>Et</strong></span> <span class='ocrx_word' id='word_1_79' title='bbox 1224 1596 1303 1679; x_wconf 93' lang='lat' dir='ltr'><strong>ipse</strong></span> 
     </span>
     <span class='ocr_line' id='line_1_13' title="bbox 341 1693 1301 1777; baseline 0.005 -21"><span class='ocrx_word' id='word_1_80' title='bbox 341 1693 491 1776; x_wconf 89' lang='lat' dir='ltr'><strong>quidem,</strong></span> <span class='ocrx_word' id='word_1_81' title='bbox 514 1695 596 1758; x_wconf 88' lang='lat' dir='ltr'><strong>licet</strong></span> <span class='ocrx_word' id='word_1_82' title='bbox 612 1694 713 1777; x_wconf 90' lang='lat' dir='ltr'><strong>plene</strong></span> <span class='ocrx_word' id='word_1_83' title='bbox 736 1714 804 1757; x_wconf 90' lang='lat' dir='ltr'><strong>non</strong></span> <span class='ocrx_word' id='word_1_84' title='bbox 821 1693 1048 1770; x_wconf 81' lang='lat' dir='ltr'><strong>convaluerit,</strong></span> <span class='ocrx_word' id='word_1_85' title='bbox 1064 1694 1301 1776; x_wconf 76' lang='lat' dir='ltr'><strong>gerendorum</strong></span> 
     </span>
     <span class='ocr_line' id='line_1_14' title="bbox 339 1786 1300 1871; baseline 0.004 -15"><span class='ocrx_word' id='word_1_86' title='bbox 339 1801 454 1856; x_wconf 87' lang='lat' dir='ltr'><strong>tamen</strong></span> <span class='ocrx_word' id='word_1_87' title='bbox 481 1793 661 1871; x_wconf 89' lang='lat' dir='ltr'><strong>sollicitus,</strong></span> <span class='ocrx_word' id='word_1_88' title='bbox 687 1813 726 1857; x_wconf 88' lang='lat' dir='ltr'><strong>se</strong></span> <span class='ocrx_word' id='word_1_89' title='bbox 752 1794 835 1857; x_wconf 89' lang='lat' dir='ltr'><strong>illuc</strong></span> <span class='ocrx_word' id='word_1_90' title='bbox 857 1794 894 1856; x_wconf 90' lang='lat' dir='ltr'><strong>in</strong></span> <span class='ocrx_word' id='word_1_91' title='bbox 916 1786 1074 1858; x_wconf 83' lang='lat' dir='ltr'><strong>³culeitra</strong></span> <span class='ocrx_word' id='word_1_92' title='bbox 1101 1794 1219 1859; x_wconf 88' lang='lat' dir='ltr'><strong>serica</strong></span> <span class='ocrx_word' id='word_1_93' title='bbox 1241 1796 1300 1860; x_wconf 91' lang='lat' dir='ltr'><strong>de-</strong></span> 
     </span>
     <span class='ocr_line' id='line_1_15' title="bbox 340 1892 1301 1980; baseline 0.004 -24"><span class='ocrx_word' id='word_1_94' title='bbox 340 1892 471 1975; x_wconf 90' lang='lat' dir='ltr'><strong>portari</strong></span> <span class='ocrx_word' id='word_1_95' title='bbox 488 1893 590 1973; x_wconf 82' lang='lat' dir='ltr'><strong>secit;</strong></span> <span class='ocrx_word' id='word_1_96' title='bbox 614 1894 806 1977; x_wconf 84' lang='lat' dir='ltr'><strong>sedensque</strong></span> <span class='ocrx_word' id='word_1_97' title='bbox 820 1894 939 1956; x_wconf 87' lang='lat' dir='ltr'><strong>subter</strong></span> <span class='ocrx_word' id='word_1_98' title='bbox 952 1892 1084 1958; x_wconf 87' lang='lat' dir='ltr'><strong>tricleia</strong></span> <span class='ocrx_word' id='word_1_99' title='bbox 1098 1912 1177 1971; x_wconf 88' lang='lat' dir='ltr'><strong>sna,</strong></span> <span class='ocrx_word' id='word_1_100' title='bbox 1195 1896 1301 1980; x_wconf 88' lang='lat' dir='ltr'><strong>cujus</strong></span> 
     </span>
    </p>

    <p class='ocr_par' dir='ltr' id='par_1_8' title="bbox 341 1992 1302 2077">
     <span class='ocr_line' id='line_1_16' title="bbox 341 1992 1302 2077; baseline 0.006 -21"><span class='ocrx_word' id='word_1_101' title='bbox 341 1999 416 2056; x_wconf 87' lang='lat' dir='ltr'><strong>erat</strong></span> <span class='ocrx_word' id='word_1_102' title='bbox 432 1993 563 2075; x_wconf 88' lang='lat' dir='ltr'><strong>peritus</strong></span> <span class='ocrx_word' id='word_1_103' title='bbox 579 1994 741 2058; x_wconf 85' lang='lat' dir='ltr'><strong>utebatur</strong></span> <span class='ocrx_word' id='word_1_104' title='bbox 762 1993 901 2069; x_wconf 85' lang='lat' dir='ltr'><strong>balista,</strong></span> <span class='ocrx_word' id='word_1_105' title='bbox 927 1992 1027 2077; x_wconf 88' lang='lat' dir='ltr'><strong>eujus</strong></span> <span class='ocrx_word' id='word_1_106' title='bbox 1045 1992 1168 2074; x_wconf 74' lang='lat' dir='ltr'><strong>iaculo</strong></span> <span class='ocrx_word' id='word_1_107' title='bbox 1192 1994 1302 2061; x_wconf 84' lang='lat' dir='ltr'><strong>Sara·</strong></span> 
     </span>
    </p>

    <p class='ocr_par' dir='ltr' id='par_1_9' title="bbox 340 2092 1301 2575">
     <span class='ocr_line' id='line_1_17' title="bbox 340 2092 1300 2177; baseline 0.004 -21"><span class='ocrx_word' id='word_1_108' title='bbox 340 2093 415 2156; x_wconf 89' lang='lat' dir='ltr'><strong>ceni</strong></span> <span class='ocrx_word' id='word_1_109' title='bbox 449 2092 640 2177; x_wconf 89' lang='lat' dir='ltr'><strong>cujusdam,</strong></span> <span class='ocrx_word' id='word_1_110' title='bbox 673 2093 732 2175; x_wconf 92' lang='lat' dir='ltr'><strong>qui</strong></span> <span class='ocrx_word' id='word_1_111' title='bbox 764 2092 799 2155; x_wconf 92' lang='lat' dir='ltr'><strong>in</strong></span> <span class='ocrx_word' id='word_1_112' title='bbox 827 2092 933 2156; x_wconf 90' lang='lat' dir='ltr'><strong>armis</strong></span> <span class='ocrx_word' id='word_1_113' title='bbox 958 2092 1077 2157; x_wconf 84' lang='lat' dir='ltr'><strong>militis</strong></span> <span class='ocrx_word' id='word_1_114' title='bbox 1104 2092 1300 2160; x_wconf 86' lang='lat' dir='ltr'><strong>Christiani</strong></span> 
     </span>
     <span class='ocr_line' id='line_1_18' title="bbox 341 2191 1301 2275; baseline 0.005 -19"><span class='ocrx_word' id='word_1_115' title='bbox 341 2211 451 2275; x_wconf 89' lang='lat' dir='ltr'><strong>nuper</strong></span> <span class='ocrx_word' id='word_1_116' title='bbox 480 2194 584 2256; x_wconf 88' lang='lat' dir='ltr'><strong>occisi</strong></span> <span class='ocrx_word' id='word_1_117' title='bbox 617 2191 879 2274; x_wconf 83' lang='lat' dir='ltr'><strong>gloriabundus,</strong></span> <span class='ocrx_word' id='word_1_118' title='bbox 906 2191 942 2255; x_wconf 90' lang='lat' dir='ltr'><strong>in</strong></span> <span class='ocrx_word' id='word_1_119' title='bbox 970 2192 1189 2259; x_wconf 88' lang='lat' dir='ltr'><strong>eminentiori</strong></span> <span class='ocrx_word' id='word_1_120' title='bbox 1221 2195 1301 2261; x_wconf 92' lang='lat' dir='ltr'><strong>loeo</strong></span> 
     </span>
     <span class='ocr_line' id='line_1_19' title="bbox 341 2291 1300 2374; baseline 0.004 -19"><span class='ocrx_word' id='word_1_121' title='bbox 341 2294 429 2356; x_wconf 90' lang='lat' dir='ltr'><strong>muri</strong></span> <span class='ocrx_word' id='word_1_122' title='bbox 462 2292 506 2356; x_wconf 91' lang='lat' dir='ltr'><strong>ad</strong></span> <span class='ocrx_word' id='word_1_123' title='bbox 532 2293 696 2356; x_wconf 89' lang='lat' dir='ltr'><strong>invidiam</strong></span> <span class='ocrx_word' id='word_1_124' title='bbox 720 2291 994 2356; x_wconf 85' lang='lat' dir='ltr'><strong>Christianorum</strong></span> <span class='ocrx_word' id='word_1_125' title='bbox 1020 2311 1058 2355; x_wconf 88' lang='lat' dir='ltr'><strong>se</strong></span> <span class='ocrx_word' id='word_1_126' title='bbox 1083 2294 1300 2374; x_wconf 86' lang='lat' dir='ltr'><strong>ostenderat,</strong></span> 
     </span>
     <span class='ocr_line' id='line_1_20' title="bbox 342 2391 1299 2476; baseline 0.004 -20"><span class='ocrx_word' id='word_1_127' title='bbox 342 2393 492 2476; x_wconf 91' lang='lat' dir='ltr'><strong>pectoris</strong></span> <span class='ocrx_word' id='word_1_128' title='bbox 507 2392 623 2475; x_wconf 90' lang='lat' dir='ltr'><strong>ampla</strong></span> <span class='ocrx_word' id='word_1_129' title='bbox 640 2391 827 2456; x_wconf 88' lang='lat' dir='ltr'><strong>transfixit.</strong></span> <span class='ocrx_word' id='word_1_130' title='bbox 861 2391 1018 2473; x_wconf 89' lang='lat' dir='ltr'><strong>Cumque</strong></span> <span class='ocrx_word' id='word_1_131' title='bbox 1031 2398 1144 2456; x_wconf 89' lang='lat' dir='ltr'><strong>turres</strong></span> <span class='ocrx_word' id='word_1_132' title='bbox 1158 2401 1197 2458; x_wconf 91' lang='lat' dir='ltr'><strong>et</strong></span> <span class='ocrx_word' id='word_1_133' title='bbox 1208 2396 1299 2459; x_wconf 89' lang='lat' dir='ltr'><strong>muri</strong></span> 
     </span>
     <span class='ocr_line' id='line_1_21' title="bbox 341 2491 1299 2575; baseline 0.005 -21"><span class='ocrx_word' id='word_1_134' title='bbox 341 2493 493 2555; x_wconf 87' lang='lat' dir='ltr'><strong>civitatis</strong></span> <span class='ocrx_word' id='word_1_135' title='bbox 516 2512 561 2556; x_wconf 83' lang='lat' dir='ltr'><strong>ex</strong></span> <span class='ocrx_word' id='word_1_136' title='bbox 581 2511 651 2555; x_wconf 91' lang='lat' dir='ltr'><strong>una</strong></span> <span class='ocrx_word' id='word_1_137' title='bbox 674 2501 773 2574; x_wconf 91' lang='lat' dir='ltr'><strong>parte</strong></span> <span class='ocrx_word' id='word_1_138' title='bbox 797 2510 859 2573; x_wconf 90' lang='lat' dir='ltr'><strong>per</strong></span> <span class='ocrx_word' id='word_1_139' title='bbox 877 2491 1054 2555; x_wconf 84' lang='lat' dir='ltr'><strong>machinas</strong></span> <span class='ocrx_word' id='word_1_140' title='bbox 1074 2493 1167 2575; x_wconf 78' lang='lat' dir='ltr'><strong>regis</strong></span> <span class='ocrx_word' id='word_1_141' title='bbox 1184 2494 1299 2559; x_wconf 87' lang='lat' dir='ltr'><strong>Fran·</strong></span> 
     </span>
    </p>

    <p class='ocr_par' dir='ltr' id='par_1_10' title="bbox 341 2591 1298 2677">
     <span class='ocr_line' id='line_1_22' title="bbox 341 2591 1298 2677; baseline 0.006 -24"><span class='ocrx_word' id='word_1_142' title='bbox 341 2591 417 2667; x_wconf 85' lang='lat' dir='ltr'><strong>ciae,</strong></span> <span class='ocrx_word' id='word_1_143' title='bbox 435 2599 532 2655; x_wconf 87' lang='lat' dir='ltr'><strong>etex</strong></span> <span class='ocrx_word' id='word_1_144' title='bbox 550 2592 619 2656; x_wconf 91' lang='lat' dir='ltr'><strong>alia</strong></span> <span class='ocrx_word' id='word_1_145' title='bbox 641 2599 739 2674; x_wconf 89' lang='lat' dir='ltr'><strong>parte</strong></span> <span class='ocrx_word' id='word_1_146' title='bbox 760 2610 823 2673; x_wconf 89' lang='lat' dir='ltr'><strong>per</strong></span> <span class='ocrx_word' id='word_1_147' title='bbox 844 2591 1022 2656; x_wconf 91' lang='lat' dir='ltr'><strong>machinas</strong></span> <span class='ocrx_word' id='word_1_148' title='bbox 1042 2593 1134 2674; x_wconf 75' lang='lat' dir='ltr'><strong>regis</strong></span> <span class='ocrx_word' id='word_1_149' title='bbox 1154 2592 1298 2677; x_wconf 77' lang='lat' dir='ltr'><strong>Angliae</strong></span> 
     </span>
    </p>

    <p class='ocr_par' dir='ltr' id='par_1_11' title="bbox 295 2689 1300 2775">
     <span class='ocr_line' id='line_1_23' title="bbox 295 2689 1300 2775; baseline 0.008 -24"><span class='ocrx_word' id='word_1_150' title='bbox 295 2716 318 2745; x_wconf 77' lang='lat' dir='ltr'><strong>or</strong></span> <span class='ocrx_word' id='word_1_151' title='bbox 342 2689 599 2755; x_wconf 88' lang='lat' dir='ltr'><strong>diruerentnret</strong></span> <span class='ocrx_word' id='word_1_152' title='bbox 611 2699 934 2773; x_wconf 84' lang='lat' dir='ltr'><strong>conquassarentur,</strong></span> <span class='ocrx_word' id='word_1_153' title='bbox 951 2690 1113 2756; x_wconf 88' lang='lat' dir='ltr'><strong>Saraceni</strong></span> <span class='ocrx_word' id='word_1_154' title='bbox 1127 2694 1187 2775; x_wconf 93' lang='lat' dir='ltr'><strong>qui</strong></span> <span class='ocrx_word' id='word_1_155' title='bbox 1204 2694 1300 2759; x_wconf 84' lang='lat' dir='ltr'><strong>intus</strong></span> 
     </span>
    </p>

    <p class='ocr_par' dir='ltr' id='par_1_12' title="bbox 239 2766 1301 3073">
     <span class='ocr_line' id='line_1_24' title="bbox 239 2766 1297 2873; baseline 0.008 -22"><span class='ocrx_word' id='word_1_156' title='bbox 239 2767 253 2795; x_wconf 77' lang='lat'><strong>¹¹</strong></span> <span class='ocrx_word' id='word_1_157' title='bbox 268 2766 303 2800; x_wconf 70' lang='lat'><strong>‘¹³</strong></span> <span class='ocrx_word' id='word_1_158' title='bbox 341 2798 451 2865; x_wconf 90' lang='lat' dir='ltr'><strong>erant,</strong></span> <span class='ocrx_word' id='word_1_159' title='bbox 467 2791 580 2854; x_wconf 88' lang='lat' dir='ltr'><strong>missis</strong></span> <span class='ocrx_word' id='word_1_160' title='bbox 600 2792 642 2854; x_wconf 89' lang='lat' dir='ltr'><strong>ad</strong></span> <span class='ocrx_word' id='word_1_161' title='bbox 660 2810 759 2872; x_wconf 79' lang='lat' dir='ltr'><strong>reges</strong></span> <span class='ocrx_word' id='word_1_162' title='bbox 773 2790 910 2872; x_wconf 79' lang='lat' dir='ltr'><strong>legatis,</strong></span> <span class='ocrx_word' id='word_1_163' title='bbox 928 2790 1100 2873; x_wconf 89' lang='lat' dir='ltr'><strong>petierunt</strong></span> <span class='ocrx_word' id='word_1_164' title='bbox 1115 2792 1297 2873; x_wconf 88' lang='lat' dir='ltr'><strong>inducias;</strong></span> 
     </span>
     <span class='ocr_line' id='line_1_25' title="bbox 341 2883 1301 2972; baseline 0.008 -20"><span class='ocrx_word' id='word_1_165' title='bbox 341 2891 549 2972; x_wconf 88' lang='lat' dir='ltr'><strong>spondentes</strong></span> <span class='ocrx_word' id='word_1_166' title='bbox 564 2891 655 2972; x_wconf 93' lang='lat' dir='ltr'><strong>quod</strong></span> <span class='ocrx_word' id='word_1_167' title='bbox 672 2891 737 2954; x_wconf 91' lang='lat' dir='ltr'><strong>nisi</strong></span> <span class='ocrx_word' id='word_1_168' title='bbox 750 2890 933 2954; x_wconf 88' lang='lat' dir='ltr'><strong>Saladinus</strong></span> <span class='ocrx_word' id='word_1_169' title='bbox 946 2883 1031 2955; x_wconf 82' lang='lat' dir='ltr'><strong>⁴eito</strong></span> <span class='ocrx_word' id='word_1_170' title='bbox 1042 2892 1092 2955; x_wconf 88' lang='lat' dir='ltr'><strong>eis</strong></span> <span class='ocrx_word' id='word_1_171' title='bbox 1107 2891 1301 2959; x_wconf 89' lang='lat' dir='ltr'><strong>destinaret</strong></span> 
     </span>
     <span class='ocr_line' id='line_1_26' title="bbox 342 2990 1298 3073; baseline 0.004 -20"><span class='ocrx_word' id='word_1_172' title='bbox 342 2990 563 3073; x_wconf 89' lang='lat' dir='ltr'><strong>adjutorium,</strong></span> <span class='ocrx_word' id='word_1_173' title='bbox 592 2992 768 3054; x_wconf 88' lang='lat' dir='ltr'><strong>civitatem</strong></span> <span class='ocrx_word' id='word_1_174' title='bbox 797 2990 990 3066; x_wconf 88' lang='lat' dir='ltr'><strong>redderent,</strong></span> <span class='ocrx_word' id='word_1_175' title='bbox 1019 3009 1061 3054; x_wconf 91' lang='lat' dir='ltr'><strong>ea</strong></span> <span class='ocrx_word' id='word_1_176' title='bbox 1088 2991 1298 3069; x_wconf 89' lang='lat' dir='ltr'><strong>conditione,</strong></span> 
     </span>
    </p>

    <p class='ocr_par' dir='ltr' id='par_1_13' title="bbox 180 3090 1320 3473">
     <span class='ocr_line' id='line_1_27' title="bbox 342 3090 1300 3158; baseline 0.006 -6"><span class='ocrx_word' id='word_1_177' title='bbox 342 3098 381 3153; x_wconf 89' lang='lat' dir='ltr'><strong>ut</strong></span> <span class='ocrx_word' id='word_1_178' title='bbox 404 3091 534 3153; x_wconf 87' lang='lat' dir='ltr'><strong>obsessi</strong></span> <span class='ocrx_word' id='word_1_179' title='bbox 562 3090 668 3155; x_wconf 88' lang='lat' dir='ltr'><strong>libere</strong></span> <span class='ocrx_word' id='word_1_180' title='bbox 692 3091 827 3155; x_wconf 87' lang='lat' dir='ltr'><strong>abirent</strong></span> <span class='ocrx_word' id='word_1_181' title='bbox 847 3109 924 3154; x_wconf 92' lang='lat' dir='ltr'><strong>cum</strong></span> <span class='ocrx_word' id='word_1_182' title='bbox 952 3090 1057 3154; x_wconf 90' lang='lat' dir='ltr'><strong>armis</strong></span> <span class='ocrx_word' id='word_1_183' title='bbox 1078 3098 1114 3155; x_wconf 90' lang='lat' dir='ltr'><strong>et</strong></span> <span class='ocrx_word' id='word_1_184' title='bbox 1139 3093 1300 3158; x_wconf 87' lang='lat' dir='ltr'><strong>omnibus</strong></span> 
     </span>
     <span class='ocr_line' id='line_1_28' title="bbox 180 3190 1299 3303; baseline 0.004 -50"><span class='ocrx_word' id='word_1_185' title='bbox 180 3203 325 3303; x_wconf 53' lang='lat' dir='ltr'><strong>{llfflss‘</strong></span> <span class='ocrx_word' id='word_1_186' title='bbox 342 3208 420 3271; x_wconf 84' lang='lat' dir='ltr'><strong>quae</strong></span> <span class='ocrx_word' id='word_1_187' title='bbox 438 3198 536 3253; x_wconf 90' lang='lat' dir='ltr'><strong>erant</strong></span> <span class='ocrx_word' id='word_1_188' title='bbox 552 3211 683 3254; x_wconf 89' lang='lat' dir='ltr'><strong>eorum.</strong></span> <span class='ocrx_word' id='word_1_189' title='bbox 735 3190 802 3254; x_wconf 88' lang='lat' dir='ltr'><strong>Sed</strong></span> <span class='ocrx_word' id='word_1_190' title='bbox 824 3209 868 3253; x_wconf 88' lang='lat' dir='ltr'><strong>ne</strong></span> <span class='ocrx_word' id='word_1_191' title='bbox 890 3190 970 3253; x_wconf 88' lang='lat' dir='ltr'><strong>huic</strong></span> <span class='ocrx_word' id='word_1_192' title='bbox 996 3191 1156 3271; x_wconf 89' lang='lat' dir='ltr'><strong>petitioni</strong></span> <span class='ocrx_word' id='word_1_193' title='bbox 1178 3212 1299 3257; x_wconf 88' lang='lat' dir='ltr'><strong>assen-</strong></span> 
     </span>
     <span class='ocr_line' id='line_1_29' title="bbox 181 3290 1320 3368; baseline 0.013 -26"><span class='ocrx_word' id='word_1_194' title='bbox 181 3305 274 3344; x_wconf 64' lang='lat' dir='ltr'><strong>nemn.</strong></span> <span class='ocrx_word' id='word_1_195' title='bbox 344 3290 477 3367; x_wconf 89' lang='lat' dir='ltr'><strong>tiretur,</strong></span> <span class='ocrx_word' id='word_1_196' title='bbox 488 3291 621 3355; x_wconf 90' lang='lat' dir='ltr'><strong>obstitit</strong></span> <span class='ocrx_word' id='word_1_197' title='bbox 634 3311 697 3354; x_wconf 83' lang='lat' dir='ltr'><strong>rex</strong></span> <span class='ocrx_word' id='word_1_198' title='bbox 714 3290 906 3368; x_wconf 85' lang='lat' dir='ltr'><strong>Ricardus3</strong></span> <span class='ocrx_word' id='word_1_199' title='bbox 930 3308 1088 3353; x_wconf 79' lang='lat' dir='ltr'><strong>asserens</strong></span> <span class='ocrx_word' id='word_1_200' title='bbox 1104 3310 1181 3354; x_wconf 85' lang='lat' dir='ltr'><strong>esse</strong></span> <span class='ocrx_word' id='word_1_201' title='bbox 1195 3293 1299 3357; x_wconf 89' lang='lat' dir='ltr'><strong>nimis</strong></span> <span class='ocrx_word' id='word_1_202' title='bbox 1315 3294 1320 3323; x_wconf 86' lang='lat'><strong>¹</strong></span> 
     </span>
     <span class='ocr_line' id='line_1_30' title="bbox 342 3390 1298 3473; baseline 0.003 -21"><span class='ocrx_word' id='word_1_203' title='bbox 342 3408 450 3471; x_wconf 83' lang='lat' dir='ltr'><strong>grave</strong></span> <span class='ocrx_word' id='word_1_204' title='bbox 465 3398 545 3472; x_wconf 93' lang='lat' dir='ltr'><strong>post</strong></span> <span class='ocrx_word' id='word_1_205' title='bbox 561 3391 649 3455; x_wconf 92' lang='lat' dir='ltr'><strong>tanti</strong></span> <span class='ocrx_word' id='word_1_206' title='bbox 674 3390 837 3473; x_wconf 87' lang='lat' dir='ltr'><strong>temporis</strong></span> <span class='ocrx_word' id='word_1_207' title='bbox 859 3390 1067 3453; x_wconf 87' lang='lat' dir='ltr'><strong>laboriosam</strong></span> <span class='ocrx_word' id='word_1_208' title='bbox 1084 3390 1298 3457; x_wconf 90' lang='lat' dir='ltr'><strong>obsidionem</strong></span> 
     </span>
    </p>
   </div>
   <div class='ocr_carea' id='block_1_3' title="bbox 342 3488 1299 3572">
    <p class='ocr_par' dir='ltr' id='par_1_14' title="bbox 342 3488 1299 3572">
     <span class='ocr_line' id='line_1_31' title="bbox 342 3488 1299 3572; baseline 0.004 -21"><span class='ocrx_word' id='word_1_209' title='bbox 342 3489 472 3553; x_wconf 88' lang='lat' dir='ltr'><strong>intrare</strong></span> <span class='ocrx_word' id='word_1_210' title='bbox 487 3509 630 3554; x_wconf 90' lang='lat' dir='ltr'><strong>vacuam</strong></span> <span class='ocrx_word' id='word_1_211' title='bbox 648 3491 837 3554; x_wconf 88' lang='lat' dir='ltr'><strong>civitatem.</strong></span> <span class='ocrx_word' id='word_1_212' title='bbox 889 3488 1055 3569; x_wconf 83' lang='lat' dir='ltr'><strong>Regressi</strong></span> <span class='ocrx_word' id='word_1_213' title='bbox 1077 3490 1197 3572; x_wconf 81' lang='lat' dir='ltr'><strong>igitur,</strong></span> <span class='ocrx_word' id='word_1_214' title='bbox 1215 3511 1299 3557; x_wconf 91' lang='lat' dir='ltr'><strong>con·</strong></span> 
     </span>
    </p>
   </div>
   <div class='ocr_carea' id='block_1_4' title="bbox 343 3582 1328 3971">
    <p class='ocr_par' dir='ltr' id='par_1_15' title="bbox 343 3582 1328 3971">
     <span class='ocr_line' id='line_1_32' title="bbox 343 3582 1328 3673; baseline 0.006 -22"><span class='ocrx_word' id='word_1_215' title='bbox 343 3589 504 3671; x_wconf 87' lang='lat' dir='ltr'><strong>sultoque</strong></span> <span class='ocrx_word' id='word_1_216' title='bbox 519 3609 580 3671; x_wconf 92' lang='lat' dir='ltr'><strong>per</strong></span> <span class='ocrx_word' id='word_1_217' title='bbox 597 3591 827 3654; x_wconf 88' lang='lat' dir='ltr'><strong>internuntios</strong></span> <span class='ocrx_word' id='word_1_218' title='bbox 844 3588 1010 3652; x_wconf 89' lang='lat' dir='ltr'><strong>Saladino</strong></span> <span class='ocrx_word' id='word_1_219' title='bbox 1024 3588 1103 3673; x_wconf 90' lang='lat' dir='ltr'><strong>(qui</strong></span> <span class='ocrx_word' id='word_1_220' title='bbox 1119 3592 1301 3657; x_wconf 86' lang='lat' dir='ltr'><strong>remanda·</strong></span> <span class='ocrx_word' id='word_1_221' title='bbox 1325 3582 1328 3591; x_wconf 71' lang='lat'>&#39;</span> 
     </span>
     <span class='ocr_line' id='line_1_33' title="bbox 345 3686 1300 3772; baseline 0.007 -22"><span class='ocrx_word' id='word_1_222' title='bbox 345 3689 395 3751; x_wconf 88' lang='lat' dir='ltr'><strong>vit</strong></span> <span class='ocrx_word' id='word_1_223' title='bbox 408 3698 447 3751; x_wconf 91' lang='lat' dir='ltr'><strong>ut</strong></span> <span class='ocrx_word' id='word_1_224' title='bbox 461 3709 580 3771; x_wconf 89' lang='lat' dir='ltr'><strong>pacem</strong></span> <span class='ocrx_word' id='word_1_225' title='bbox 595 3689 748 3753; x_wconf 88' lang='lat' dir='ltr'><strong>facerent</strong></span> <span class='ocrx_word' id='word_1_226' title='bbox 767 3709 871 3772; x_wconf 87' lang='lat' dir='ltr'><strong>quarn</strong></span> <span class='ocrx_word' id='word_1_227' title='bbox 891 3686 1063 3771; x_wconf 88' lang='lat' dir='ltr'><strong>possent),</strong></span> <span class='ocrx_word' id='word_1_228' title='bbox 1080 3689 1206 3753; x_wconf 90' lang='lat' dir='ltr'><strong>iterum</strong></span> <span class='ocrx_word' id='word_1_229' title='bbox 1229 3691 1300 3757; x_wconf 89' lang='lat' dir='ltr'><strong>die-</strong></span> 
     </span>
     <span class='ocr_line' id='line_1_34' title="bbox 344 3788 1301 3871; baseline 0.007 -21"><span class='ocrx_word' id='word_1_230' title='bbox 344 3788 408 3851; x_wconf 91' lang='lat' dir='ltr'><strong>bus</strong></span> <span class='ocrx_word' id='word_1_231' title='bbox 424 3790 596 3871; x_wconf 87' lang='lat' dir='ltr'><strong>aliquibus</strong></span> <span class='ocrx_word' id='word_1_232' title='bbox 620 3789 747 3870; x_wconf 86' lang='lat' dir='ltr'><strong>elapsis</strong></span> <span class='ocrx_word' id='word_1_233' title='bbox 770 3790 908 3870; x_wconf 82' lang='lat' dir='ltr'><strong>regibus</strong></span> <span class='ocrx_word' id='word_1_234' title='bbox 927 3789 1140 3867; x_wconf 88' lang='lat' dir='ltr'><strong>obtulerunt,</strong></span> <span class='ocrx_word' id='word_1_235' title='bbox 1156 3798 1197 3853; x_wconf 91' lang='lat' dir='ltr'><strong>ut</strong></span> <span class='ocrx_word' id='word_1_236' title='bbox 1213 3791 1301 3857; x_wconf 89' lang='lat' dir='ltr'><strong>civi-</strong></span> 
     </span>
     <span class='ocr_line' id='line_1_35' title="bbox 344 3885 1302 3971; baseline 0.005 -20"><span class='ocrx_word' id='word_1_237' title='bbox 344 3896 449 3952; x_wconf 88' lang='lat' dir='ltr'><strong>tatem</strong></span> <span class='ocrx_word' id='word_1_238' title='bbox 472 3890 583 3971; x_wconf 87' lang='lat' dir='ltr'><strong>ipsam</strong></span> <span class='ocrx_word' id='word_1_239' title='bbox 606 3890 799 3965; x_wconf 88' lang='lat' dir='ltr'><strong>redderent,</strong></span> <span class='ocrx_word' id='word_1_240' title='bbox 823 3896 857 3951; x_wconf 92' lang='lat' dir='ltr'><strong>et</strong></span> <span class='ocrx_word' id='word_1_241' title='bbox 872 3907 1008 3951; x_wconf 88' lang='lat' dir='ltr'><strong>crucem</strong></span> <span class='ocrx_word' id='word_1_242' title='bbox 1031 3885 1170 3970; x_wconf 89' lang='lat' dir='ltr'><strong>duoque</strong></span> <span class='ocrx_word' id='word_1_243' title='bbox 1191 3890 1302 3956; x_wconf 90' lang='lat' dir='ltr'><strong>millia</strong></span> 
     </span>
    </p>
   </div>
   <div class='ocr_carea' id='block_1_5' title="bbox 576 4022 909 4032">
    <p class='ocr_par' dir='ltr' id='par_1_16' title="bbox 576 4022 909 4032">
     <span class='ocr_line' id='line_1_36' title="bbox 576 4022 909 4032; baseline -0.012 0"><span class='ocrx_word' id='word_1_244' title='bbox 576 4026 657 4032; x_wconf 71' lang='lat'><strong>-—</strong></span> <span class='ocrx_word' id='word_1_245' title='bbox 827 4022 909 4029; x_wconf 74' lang='lat'><em>..——-</em></span> 
     </span>
    </p>
   </div>
   <div class='ocr_carea' id='block_1_6' title="bbox 342 4083 1169 4295">
    <p class='ocr_par' dir='ltr' id='par_1_17' title="bbox 342 4083 1169 4295">
     <span class='ocr_line' id='line_1_37' title="bbox 380 4083 1113 4152; baseline 0 -15"><span class='ocrx_word' id='word_1_246' title='bbox 380 4087 386 4117; x_wconf 87' lang='lat'>¹</span> <span class='ocrx_word' id='word_1_247' title='bbox 406 4086 560 4152; x_wconf 66' lang='lat' dir='ltr'><strong>‘Baptistae‘</strong></span> <span class='ocrx_word' id='word_1_248' title='bbox 573 4092 595 4139; x_wconf 89' lang='lat' dir='ltr'><strong>is</strong></span> <span class='ocrx_word' id='word_1_249' title='bbox 607 4091 669 4140; x_wconf 87' lang='lat' dir='ltr'><strong>irom</strong></span> <span class='ocrx_word' id='word_1_250' title='bbox 682 4092 788 4140; x_wconf 75' lang='lat' dir='ltr'><strong>Codlll.</strong></span> <span class='ocrx_word' id='word_1_251' title='bbox 869 4087 880 4119; x_wconf 86' lang='lat'><strong>³</strong></span> <span class='ocrx_word' id='word_1_252' title='bbox 896 4090 1009 4139; x_wconf 85' lang='lat' dir='ltr'><strong>‘culcita</strong></span> <span class='ocrx_word' id='word_1_253' title='bbox 1017 4084 1032 4149; x_wconf 76' lang='grc' dir='ltr'><strong>ς’</strong></span> <span class='ocrx_word' id='word_1_254' title='bbox 1044 4083 1077 4137; x_wconf 88' lang='lat' dir='ltr'><strong>D’</strong></span> <span class='ocrx_word' id='word_1_255' title='bbox 1078 4088 1113 4137; x_wconf 76' lang='lat' dir='ltr'><strong>A.</strong></span> 
     </span>
     <span class='ocr_line' id='line_1_38' title="bbox 377 4156 808 4219; baseline 0.007 -11"><span class='ocrx_word' id='word_1_256' title='bbox 377 4156 543 4219; x_wconf 78' lang='lat' dir='ltr'><strong>²‘&#39;lurcos;&#39;</strong></span> <span class='ocrx_word' id='word_1_257' title='bbox 577 4157 661 4211; x_wconf 80' lang='lat' dir='ltr'><strong>Hnll’s</strong></span> <span class='ocrx_word' id='word_1_258' title='bbox 691 4163 808 4211; x_wconf 78' lang='lat' dir='ltr'><strong>currendu-</strong></span> 
     </span>
     <span class='ocr_line' id='line_1_39' title="bbox 342 4225 1169 4295; baseline 0.005 -19"><span class='ocrx_word' id='word_1_259' title='bbox 342 4230 409 4279; x_wconf 89' lang='lat' dir='ltr'><strong>tion:</strong></span> <span class='ocrx_word' id='word_1_260' title='bbox 429 4232 527 4279; x_wconf 80' lang='lat' dir='ltr'><strong>‘turres</strong></span> <span class='ocrx_word' id='word_1_261' title='bbox 537 4229 553 4290; x_wconf 81' lang='lat'><strong>3&#39;</strong></span> <span class='ocrx_word' id='word_1_262' title='bbox 568 4234 626 4283; x_wconf 86' lang='lat' dir='ltr'><strong>Cod.</strong></span> <span class='ocrx_word' id='word_1_263' title='bbox 638 4233 700 4295; x_wconf 76' lang='lat' dir='ltr'><strong>[teg.</strong></span> <span class='ocrx_word' id='word_1_264' title='bbox 870 4229 879 4259; x_wconf 86' lang='lat'><strong>⁴</strong></span> <span class='ocrx_word' id='word_1_265' title='bbox 895 4225 1016 4290; x_wconf 76' lang='lat' dir='ltr'><strong>‘eitun13’</strong></span> <span class='ocrx_word' id='word_1_266' title='bbox 1034 4230 1073 4279; x_wconf 85' lang='grc' dir='ltr'><strong>Μ.</strong></span> <span class='ocrx_word' id='word_1_267' title='bbox 1084 4234 1109 4278; x_wconf 80' lang='lat' dir='ltr'><strong>et</strong></span> <span class='ocrx_word' id='word_1_268' title='bbox 1121 4228 1169 4281; x_wconf 81' lang='lat' dir='ltr'><strong>Ar.</strong></span> 
     </span>
    </p>
   </div>
   <div class='ocr_carea' id='block_1_7' title="bbox 0 0 1477 4950">
    <p class='ocr_par' dir='ltr' id='par_1_18' title="bbox 0 0 1477 4950">
     <span class='ocr_line' id='line_1_40' title="bbox 0 0 1477 4950; baseline 0 0"><span class='ocrx_word' id='word_1_269' title='bbox 0 0 1477 4950; x_wconf 95' lang='lat' dir='ltr'><strong> </strong></span> 
     </span>
    </p>
   </div>
  </div>
 </body>
</html>
