2940 4950
332 422 399 489 246
700 439 773 486 ruo.
789 439 936 487 rarvnrr

335 615 436 678 quem
463 595 541 657 ‘De
567 594 692 658 Mundi
720 594 902 659 Periculis'
926 593 1131 669 intitulavit,
1155 592 1193 655 in
1220 610 1291 673 quo

336 702 457 759 contra
474 693 611 757 ordines
628 712 818 776 pauperum
833 693 1071 776 multipliciter
1088 685 1290 765 ¹invebitur,

336 795 525 875 reprobans
553 793 588 855 in
621 792 768 856 ecclesia
792 792 982 857 cathedrali
1009 791 1164 856 comburi
1194 789 1288 864 fecit,

337 890 640 956 excommunicans
657 911 776 956 omncs
793 891 853 974 qui
870 892 1020 956 retinent
1036 889 1161 954 librum
1177 888 1287 952 illum.

339 991 482 1056 Ceteros
503 991 607 1055 etiam
628 991 824 1071 magistros,
846 1010 909 1073 per
929 990 1060 1054 dictum
1076 987 1290 1053 Willclmum

338 1092 540 1166 concitatos,
563 1091 677 1171 coegit
697 1089 823 1153 fratres
849 1089 895 1152 ad
916 1107 1037 1172 pacem
1065 1087 1230 1169 recipere,
1254 1093 1290 1149 et

338 1189 524 1253 secundum
554 1188 666 1270 legem
694 1189 852 1253 caritatis
877 1195 1038 1252 tractare.
1090 1185 1170 1250 Pax
1201 1185 1290 1249 inter

235 1283 238 1286 ’
339 1289 548 1352 comitissam
574 1285 748 1351 Flandriae
763 1281 818 1350 'et
839 1286 929 1350 filios
957 1305 1053 1362 suos,
1078 1304 1142 1368 per
1160 1284 1289 1348 media·

338 1388 466 1451 tionem
480 1387 573 1468 regis
589 1387 813 1463 Francorum,
828 1387 893 1449 sub
907 1385 973 1450 hac
987 1385 1098 1449 forma
1115 1385 1286 1448 firmatur:

338 1485 499 1550 videlicet
524 1485 617 1568 quod
640 1485 847 1563 Florentius,
868 1504 983 1549 comes
1006 1482 1208 1559 Holandiee,
1230 1481 1289 1565 qui

339 1586 427 1649 fovit
446 1593 578 1666 partem
601 1584 749 1648 filiorum
771 1583 895 1667 prioris
917 1583 1042 1659 mariti,
1069 1592 1105 1647 et
1125 1600 1237 1664 nuper
1254 1579 1290 1642 in

339 1683 429 1746 bello
446 1683 536 1746 filios
555 1684 755 1764 posterioris
773 1684 887 1748 mariti
901 1690 1054 1766 ceperat,
1069 1691 1200 1747 etcum
1213 1680 1290 1743 aliis

340 1782 610 1845 Flandreusibus
638 1783 675 1846 in
703 1802 840 1848 carcere
865 1782 1055 1860 detinebat,
1083 1782 1120 1846 in
1145 1798 1288 1845 uxorem

338 1880 481 1945 duceret
495 1880 600 1943 filiam
619 1881 817 1959 comitissae,
836 1874 888 1946 ³et
901 1882 1087 1945 comitatus
1114 1879 1290 1945 Hanoniae

339 1999 417 2044 cum
438 1981 522 2043 urbe
539 1980 793 2055 valentinensi,
817 1980 960 2044 cedente
977 1979 1107 2044 Carolo
1126 1979 1170 2042 ad
1189 1996 1290 2061 roga·

339 2089 412 2144 tum
437 2080 529 2161 regis
553 2080 779 2156 Francorum,
804 2088 843 2143 ut
860 2079 1106 2144 concederetur
1127 2077 1208 2142 filiis
1231 2097 1290 2159 ge-

338 2178 421 2242 nitis
437 2178 479 2242 de
496 2179 636 2243 domino
652 2179 695 2242 dc
710 2179 862 2255 Avenis;
887 2178 1073 2242 comitatus
1087 2196 1169 2242 vero
1185 2177 1290 2241 Flan-

337 2277 434 2354 driee,
449 2298 527 2342 cum
542 2278 641 2343 terris
655 2277 745 2356 aliis,
756 2277 835 2341 filiis
848 2277 1015 2342 Willelmi
1030 2276 1074 2340 de
1085 2276 1287 2359 Dampetra.

338 2375 410 2440 Sub
440 2377 494 2441 his
521 2378 738 2459 pactionibus
766 2377 928 2441 liberavit
959 2394 1074 2441 comes
1102 2375 1290 2440 Holandiae

339 2473 535 2540 Gnidonem
553 2485 590 2540 et
600 2477 725 2540 fratres
740 2475 829 2559 ejus,
839 2474 929 2540 lilios
945 2475 1133 2540 comitissae
1148 2475 1193 2539 dc
1211 2494 1288 2558 pos·

338 2575 456 2639 teriori
472 2577 608 2652 marito,
625 2595 702 2639 cum
722 2575 993 2639 Flandrensibus
1007 2565 1116 2638 *aliis

370 2790 499 2828 mune.
599 2794 621 2830 r.
635 2794 835 2830 aouuuoaurra.
926 2790 1078 2827 rauracorum
1121 2791 1260 2826 aromaca

340 2772 345 3000 Q
380 2876 492 2912 uccnvrr.
545 2877 690 2913 rnexuunru
702 2878 736 2914 rr.
779 2878 880 2914 urciani
1117 2878 1221 2914 usuarcr
1232 2877 1270 2913 m.

643 2969 650 2982 .
840 2969 847 2983 .
985 2939 1027 2984 sl.
1177 2937 1219 2984 41.

176 3090 292 3179 glum
391 3068 587 3134 chsanus
609 3071 714 3134 frater
731 3073 823 3154 regis
841 3072 979 3155 Angliae
996 3074 1032 3137 in
1049 3075 1289 3139 Alemanniam

175 3152 288 3278 {1¹32in
338 3169 521 3245 transiens
543 3168 754 3252 Aquisgraui
777 3173 813 3234 in
835 3192 951 3255 regem
976 3173 1214 3239 Romanorum
1236 3194 1292 3238 so·

176 3289 243 3327 ortua
289 3249 319 3290 ¹¹³
339 3269 496 3332 lemniter
511 3278 707 3333 coronatur.
755 3271 913 3349 Carolus,
931 3292 1045 3338 comes
1065 3271 1288 3355 Andagaviae‚

177 3338 197 3377 Β
198 3348 279 3378 ⁰⁰⁰⁰⁰
339 3369 540 3432 comitatum
586 3369 779 3433 Provinciae
822 3372 1008 3454 accipiens,
1050 3372 1288 3437 Marsilienscs

339 3461 562 3531 ⁵rebellantes
589 3469 624 3532 in
653 3487 758 3532 manu
784 3468 866 3535 forti
888 3471 1063 3554 repressit.
1117 3471 1197 3536 Rex
1219 3471 1292 3537 An·

338 3565 418 3645 glire
443 3566 514 3630 filio
541 3587 605 3631 suo
628 3567 800 3632 Edwardo
821 3569 1045 3647 Vasconiam,
1072 3569 1290 3647 Hiberniam,

339 3664 525 3746 villamque
542 3666 698 3730 Bristolli
716 3667 822 3732 dedit.

372 3873 381 3902 ¹
397 3878 510 3926 ‘invenit
517 3873 531 3937 ;’
542 3879 590 3930 Ar.
861 3881 872 3911 ³
889 3884 963 3933 From
976 3885 1019 3934 ‘ct
1026 3879 1170 3934 comitatus'
1181 3889 1208 3934 to
1218 3885 1289 3934 ‘raro

826 3950 971 4016 mandria,
982 3969 1026 4003 are
1036 3955 1142 4004 omitted
1152 3956 1179 4003 in
1191 3954 1237 4005 Ar.

371 4012 382 4040 ²
398 4015 474 4064 What
491 4017 586 4079 follow,
601 4033 630 4066 as
648 4019 686 4068 sar
696 4036 726 4071 as
737 4024 744 4050 ‘
754 4024 798 4085 qui
860 4021 870 4054 ⁴
887 4025 960 4073 ‘aliie
972 4025 1153 4086 concaptivis?
1167 4023 1214 4074 Ar.

335 4083 416 4146 sovit,'
427 4101 470 4134 are
483 4088 585 4136 omitted
599 4089 625 4136 iu
637 4090 676 4140 M;
860 4091 870 4122 ⁶
887 4094 1000 4144 Omitted
1011 4096 1037 4143 in
1050 4095 1088 4143 M.
1100 4094 1150 4143 and
1163 4095 1209 4144 Ar.
