2940 4950
578 428 757 477 ansanus.
1079 411 1144 477 loa

191 581 376 658 Flandriae,
398 584 501 648 heato
525 582 669 646 Thomas
696 591 780 648 vota
802 584 919 647 dehita
943 584 1142 664 soluturus3

187 701 274 762 quos
290 701 352 745 rex
370 681 508 764 Angliae
533 682 746 747 Londoniam
767 684 931 760 invitans,
953 685 1047 766 ipsos
1065 703 1142 747 cum

189 781 342 843 maximo
368 781 497 845 honore
525 783 688 864 suscepit.
742 781 932 860 Jocelinus,
959 785 1143 866 episcopus

189 879 470 957 Saresheriensis,
493 881 638 944 moritur
669 882 801 947 decimo
826 891 952 964 quarto
980 884 1047 946 cal.
1070 883 1142 946 De-

189 980 344 1041 cembris.
402 978 584 1062 Philippus
618 980 834 1045 Coloniensis
863 982 1142 1065 archiepiscopus

188 1077 351 1159 Angliam
384 1078 516 1155 exiens,
548 1098 626 1143 cum
663 1086 738 1144 tota
771 1089 945 1162 potestate
982 1081 1141 1146 comitem

189 1176 362 1241 Flandriae
379 1178 473 1260 juvit
491 1185 612 1242 contra
634 1179 871 1244 Baldevvinum
889 1181 1049 1244 comitem
1064 1180 1141 1242 Ha·

187 1277 415 1354 noniensinm,
435 1279 605 1342 sororium
622 1279 730 1359 ipsius
748 1279 895 1356 comitis,
916 1297 1142 1360 socerumque

187 1377 279 1457 regis
304 1376 528 1441 Francorum.
581 1376 777 1442 Willelmus
797 1379 900 1442 etiam
927 1379 970 1441 de
994 1378 1143 1458 Magna.

188 1474 293 1553 Villa,
312 1495 427 1540 comes
446 1475 614 1553 Essexiae‚
634 1477 670 1541 in
688 1477 856 1542 auxilium
876 1477 1139 1541 Flandrensium

188 1576 436 1640 transfretavit.

215 1785 240 1821 D.
254 1785 279 1820 N.
291 1785 310 1821 J.
323 1786 346 1822 c.
438 1787 461 1822 Ρ.
475 1787 636 1823 ROMANORUM
649 1788 675 1824 R.
770 1787 923 1823 autumnum
977 1786 1116 1822 ΛΝΟωΒῦΜ

218 1872 347 1910 MGLXXXV.
402 1874 468 1908 tucn
479 1874 520 1910 111.
565 1874 697 1910 renouaret
708 1875 727 1910 1.
977 1873 1082 1909 hartmot
1093 1873 1122 1910 11.

470 1965 476 1978 .
832 1933 858 1979 4.
1030 1933 1071 1978 31.

241 2069 326 2132 Rex
349 2069 543 2149 Hungariae
559 2069 809 2150 Margaretam,
825 2069 980 2133 relictam
999 2069 1143 2133 Henrici

191 2169 282 2249 regis
294 2168 444 2250 junioris
464 2167 670 2249 Anglorum,
690 2169 784 2248 regis
803 2169 960 2231 Francius
978 2186 1144 2242 sororem,

190 2268 324 2348 accepit
347 2286 501 2330 uxorem.
548 2266 781 2348 Baldewynus
805 2266 1066 2330 cantuariensis
1091 2284 1144 2328 ar-

190 2366 442 2448 chiepiscopus,
468 2367 668 2430 convocatis
700 2385 762 2448 per
787 2383 904 2446 regem
931 2364 1085 2446 praelatis
1107 2371 1143 2428 et

189 2466 400 2549 proceribus,
423 2465 466 2528 ad
492 2465 711 2548 praesentiam
738 2458 912 2527 ¹Heraclii
935 2464 1142 2545 patriarchae
1156 2486 1275 2533 nonanus,

190 2564 482 2647 lerosolymitani,
504 2583 613 2647 nuper
629 2565 673 2628 ad
690 2565 803 2646 ipsum
822 2583 937 2644 regem
951 2556 1064 2626 ²missi
1079 2583 1142 2645 pro
1154 2537 1292 2628 iffi?

189 2664 343 2728 subsidio
378 2664 497 2728 Terrae
531 2663 681 2739 Sanctae,
716 2665 855 2727 verbum
890 2662 1142 2727 exhortationis

190 2766 370 2846 proposuit
397 2783 511 2828 coram
536 2764 606 2840 eis;
642 2782 788 2845 quorum
811 2762 911 2826 multi
929 2762 1032 2827 corde
1049 2781 1142 2826 com·

190 2865 309 2946 puncti
344 2864 455 2928 crucis
492 2863 726 2926 characterem
764 2869 984 2945 acceperunt.
1061 2862 1141 2925 Rex

190 2983 282 3040 vero,
303 2983 364 3045 per
379 2981 519 3025 manum
542 2962 747 3043 patriarchae
769 2969 805 3026 et
822 2962 967 3025 militum
991 2960 1140 3043 Templi,

190 3064 225 3125 in
240 3062 501 3126 subventionem
523 3060 642 3125 Terrae
665 3062 816 3138 Sanctae,
837 3062 904 3125 tria
923 3060 1032 3124 miliia
1051 3079 1141 3123 mar-

189 3180 307 3224 carum
326 3160 451 3224 dicitur
474 3161 729 3239 transmisisse;
752 3161 956 3243 promittens
974 3159 1142 3222 nihilomi-

189 3280 255 3325 nus
270 3259 488 3342 patriarchae,
501 3277 699 3322 succursum
715 3260 859 3322 celerem
877 3258 1074 3323 affuturum.

241 3360 369 3423 Lucius
391 3377 483 3441 papa
504 3359 662 3435 moritur,
684 3377 761 3421 cum
778 3358 924 3421 sedisset
941 3357 1041 3420 anuis
1060 3376 1142 3438 qna·
1156 3380 1185 3420 ra
1223 3381 1302 3421 curm

189 3468 279 3536 tuor,
293 3459 468 3523 mensibus
479 3458 625 3535 duobus,
639 3457 759 3521 diebus
774 3457 976 3522 octodecim.
1011 3455 1140 3520 Eodem
1155 3432 1179 3471 ¹¹
1193 3431 1259 3471 '‘¹¹⁸''

189 3580 293 3636 anno,
316 3567 396 3642 post
411 3558 625 3622 vacationem
649 3559 752 3621 trium
776 3557 919 3634 dierum,
942 3557 1071 3621 electus
1089 3565 1142 3622 est

225 3791 319 3843 ¹‘Cist
335 3790 653 3851 Eraclesvintenhngle·
678 3786 790 3858 charch)
817 3794 904 3853 grants
931 3805 964 3840 an
985 3792 1079 3840 annual
1106 3793 1143 3839 in·

190 3869 265 3924 terra,
285 3877 336 3924 que
354 3864 431 3910 avant
447 3859 484 3907 lui
506 3860 550 3909 nul
570 3861 654 3909 Patri-
679 3861 804 3923 duigencs
815 3859 845 3909 oi
855 3862 925 3921 sixty
936 3861 1001 3922 days
1018 3861 1081 3909 from
1099 3861 1142 3910 the

191 3934 265 3983 arche
278 3933 346 3982 avoit
357 3929 406 3980 sest
417 3925 431 3990 ;'
449 3930 491 3978 Fr.
500 3931 543 3980 Tr.
580 3931 652 3979 From
679 3931 797 3994 enjoined
808 3931 974 3979 sacramental
991 3945 1112 3991 peuense,
1123 3931 1144 3977 it

190 4002 379 4063 aninscription
391 3998 654 4050 inthecircnlarnave
679 4015 788 4062 appears
809 4000 864 4048 that
887 4000 1024 4048 Heraclius
1043 4013 1097 4047 was
1116 4000 1143 4046 in

190 4073 219 4123 oi
232 4073 274 4122 the
290 4071 394 4132 Temple
407 4069 518 4131 Charch,
537 4085 597 4120 over
611 4070 653 4119 the
681 4071 784 4119 London
795 4070 837 4118 the
849 4069 906 4118 loth
920 4070 980 4117 Feb.
994 4071 1065 4116 1185.

191 4149 262 4205 great
278 4148 405 4200 entrance,
416 4139 527 4189 wherein
544 4140 586 4189 the
604 4135 654 4188 P'a-
715 4135 848 4200 ’‘misso;’
862 4139 1004 4199 Cod.iteg.:
1015 4136 1144 4198 evidently

190 4213 282 4263 triarch
301 4207 410 4279 (having
429 4209 592 4260 consecrated
612 4208 654 4257 the
680 4209 824 4259 amistaka.
