2940 4950
570 437 751 485 ansanus.
1074 421 1140 486 139

184 593 428 682 ¹deputarent;
473 599 533 681 qui
563 599 805 663 convenientes
839 599 874 661 in
906 617 1025 674 unum,
1059 606 1138 680 post

185 699 410 763 deliberatum
441 706 638 774 tractatum,
667 700 806 762 omnino
833 697 1037 782 judicabant
1064 719 1139 762 esse

185 799 396 864 commodius
414 799 644 882 Babyloniam
659 798 826 862 obsidere.
878 792 1037 862 ²1nterim
1055 819 1139 862 nun·
1150 814 1292 903 pnoeeffirf·

187 901 295 962 tiatnr
320 900 393 981 regi
425 900 469 963 ab
496 899 773 981 exploratoribus
799 917 1009 963 carvannam
1036 898 1241 1004 Sara-mg

186 1019 349 1062 cenorum
380 999 423 1063 de
457 999 653 1082 Babylonia
682 1018 855 1080 egressam
887 1018 1008 1062 versus
1035 997 1138 1062 Jeru·
1241 990 1247 1002 ’

184 1099 291 1162 salem
307 1099 550 1181 profecturam.
592 1098 649 1164 Ad
665 1118 769 1181 quam
785 1098 1138 1180 comprehendendam

185 1219 247 1262 rex
272 1219 350 1263 cum
379 1200 534 1263 exercitu
563 1218 778 1281 progressae,
802 1199 914 1280 ipsam
938 1198 1044 1281 juxta
1068 1198 1138 1263 Ro·

187 1300 328 1363 tundam
347 1299 544 1364 Cisternam
562 1299 726 1380 bipartito
744 1298 900 1362 exercitu
921 1297 957 1360 io
977 1297 1139 1361 custodes

186 1406 219 1462 et
236 1398 341 1463 duces
358 1400 492 1463 irruens
510 1398 777 1481 comprehendit.
829 1397 1022 1461 Turcorum
1042 1398 1138 1479 equi·

186 1506 259 1563 tum
284 1501 332 1562 ibi
359 1506 614 1582 peremptorum
643 1499 679 1562 in
708 1498 794 1562 locis
818 1496 963 1561 diversis
988 1497 1138 1561 aestima·

187 1599 288 1663 batur
310 1619 473 1664 numerus
503 1599 547 1663 ad
579 1598 671 1663 mille
702 1599 953 1680 septingentos
983 1597 1139 1679 exceptis

187 1699 359 1780 peditibus
381 1702 417 1764 in
444 1700 592 1783 plurima
616 1698 837 1762 multitudine
864 1697 907 1761 ad
934 1697 1139 1762 internecio-

186 1818 264 1862 nem
297 1801 465 1864 contritis.
529 1798 747 1863 Camelorum
779 1817 861 1862 vero
893 1805 929 1861 et
960 1797 1139 1862 dromeda-

188 1899 316 1961 riorum
345 1918 451 1964 onera
477 1901 689 1981 portantium
715 1899 953 1962 aestimabatur
977 1917 1139 1961 numerus

191 1996 233 2058 ad
260 2004 409 2078 quatuor
429 1998 538 2061 millia
562 2000 822 2080 septingentos3
850 1997 1035 2061 multitudo
1056 2017 1139 2061 vero

189 2096 360 2158 mulorum
376 2090 429 2160 ³et
450 2098 624 2160 asinorum
644 2098 878 2161 onerariorum
898 2097 964 2159 sub
979 2091 1140 2161 *numero

190 2215 259 2258 non
289 2195 444 2260 cadebat.
500 2195 693 2259 Portabant
724 2196 816 2259 enim
849 2196 976 2258 diversi
1003 2197 1141 2278 generis

189 2295 323 2377 species
362 2296 545 2377 pretiosas,
581 2314 702 2358 aurum
738 2302 774 2358 et
806 2301 999 2376 argentum,
1034 2294 1142 2378 pallia

190 2389 409 2470 ⁶holoserica,
431 2413 632 2478 purpuram,
650 2394 822 2478 cyclades,
840 2401 983 2471 ostrum,
1000 2402 1035 2458 et
1052 2395 1141 2458 mul·

187 2494 375 2559 tiformium
409 2502 614 2560 ornamenta
641 2495 810 2573 vestium3
846 2501 1015 2576 praeterea
1045 2512 1143 2559 arma

189 2595 298 2671 varia,
314 2594 385 2659 tela
402 2593 620 2677 multiplicia,
635 2594 789 2659 infinitas
806 2594 944 2671 loricas,
959 2586 1140 2658 ⁶culcitras

189 2695 232 2758 de
250 2695 358 2758 serico
375 2714 440 2758 acu
457 2695 611 2758 variatas
628 2713 786 2775 operosa,
806 2693 998 2776 papiliones
1016 2702 1051 2758 et
1068 2701 1141 2758 ten-

188 2796 278 2859 toria
300 2795 560 2876 pretiosissima,
583 2813 690 2876 panes
715 2794 899 2871 biscoctos,
918 2792 1140 2871 frumentum,

187 2894 352 2958 hordeum
375 2904 411 2959 et
432 2893 592 2972 farinam,
614 2893 802 2958 electuaria
824 2893 982 2975 plurima,
1010 2893 1142 2976 pelves,

189 3000 296 3071 utres,
312 3002 347 3058 et
363 2995 550 3070 scaccaria,
566 2993 654 3058 ollas
672 3002 855 3076 argenteas
872 3001 907 3057 et
923 2992 1142 3071 candelabra,

188 3093 297 3176 piper,
323 3085 526 3176 ⁷cyminum,
555 3085 747 3169 ⁸zucarum,
778 3100 814 3156 et
839 3112 964 3170 ceram,
987 3093 1143 3176 aliasque

189 3192 403 3256 diversorum
434 3210 597 3273 generum
626 3193 757 3274 species
791 3190 932 3268 electas,
960 3194 1141 3274 pecuniam

192 3291 375 3368 infinitam,
392 3297 427 3354 et
442 3310 556 3354 rerum
574 3291 692 3373 copias
710 3290 986 3354 innumerabiles.
1036 3288 1144 3355 Asse·

188 3393 379 3473 rebantque
401 3390 539 3473 plurimi
562 3390 656 3473 quod
680 3389 853 3454 nullorum
878 3409 1030 3471 unquam
1058 3397 1144 3454 tem·

188 3492 331 3575 poribus
350 3490 549 3574 praeliorum
574 3498 675 3555 tanta
699 3490 802 3553 simul
827 3497 862 3554 et
879 3490 986 3553 semel
1007 3491 1143 3556 fuerant

188 3591 381 3674 adquisita:
409 3591 534 3673 quibus
557 3597 752 3655 revertente
780 3610 861 3672 rege
885 3609 963 3654 cum
988 3591 1143 3657 exercitu

188 3710 296 3773 usque
323 3690 514 3755 Bethanem
543 3691 712 3769 deductis,
741 3690 860 3756 divisit
890 3709 932 3755 ea
962 3711 1026 3756 rex
1054 3692 1144 3757 inter

225 3939 231 3968 ¹
248 3940 409 4002 ‘reputarent
417 3937 434 4000 ;'
446 3940 485 3991 Μ.
498 3945 522 3989 et
533 3941 582 3991 Ar.
714 3938 725 3970 ⁸
742 3941 842 3990 ‘serica
851 3936 866 4000 ;'
880 3940 917 3988 M.
930 3944 954 3988 et
966 3941 1013 3989 Ar.

223 4008 363 4059 '‘Itemm
374 4006 389 4071 ;'
417 4012 477 4060 Cod.
499 4012 563 4074 Reg.
583 4017 653 4062 etat
714 4008 726 4040 ⁸
740 4012 866 4060 ‘culcitas
873 4005 887 4068 ς’
900 4006 969 4057 D'A.

188 4075 316 4129 ‘Interim’
328 4082 351 4128 is
361 4081 425 4129 irom
437 4080 484 4131 Ar.
714 4078 725 4108 ⁷
741 4082 885 4130 ‘cuminum
896 4073 910 4134 ς’
924 4074 994 4125 n‘A.

225 4148 235 4178 ³
251 4152 295 4199 ‘et
305 4149 441 4200 asinorum'
452 4166 496 4199 are
507 4149 568 4200 from
582 4152 620 4200 Μ.
715 4148 726 4176 ⁸
741 4141 901 4207 ‘eucnrnms
916 4147 971 4194 lll.:
989 4145 1146 4205 ‘aucarum'

224 4218 234 4249 ⁴
251 4217 428 4281 ‘numerum’
442 4217 511 4271 n’A.
682 4217 750 4267 o’A.
