2940 4950
410 408 505 523 102-
769 438 844 485 ure.
862 436 1010 485 rnrvsrr

361 596 567 723 Qe.
655 619 677 654 r.
691 617 854 653 aenianica
867 618 893 653 ι.
987 616 1142 653 00000001
1197 620 1351 657 ammaon

227 678 571 827 .3.·]·]nenxxx1r‚
625 706 741 742 000010.
786 704 948 742 rrensrrerr.
994 705 1102 741 aarum
1112 704 1142 742 u.
1180 674 1365 745 ffiffi

318 786 323 795 ·
353 792 373 813 ·.
394 778 400 788 ·
671 766 695 811 8.
1070 797 1077 812 .
1256 768 1300 813 ⁸⁰.

246 924 356 987 00000
460 901 669 966 Gnahnnus
704 901 962 978 coventrensis,
988 921 1066 965 cum
1089 902 1241 969 sedisset
1270 916 1371 973 octo·

233 980 344 1067 Μ*
408 1002 517 1066 decim
549 1002 763 1084 septimanis,
794 1001 830 1063 in
857 1001 931 1064 fata
954 1002 1136 1066 concessit.
1190 1000 1369 1071 Ricardns

243 1106 246 1113 '
409 1102 670 1166 Cantuariensis
692 1100 984 1183 archiepiscopus,
1002 1120 1081 1164 cum
1098 1100 1248 1166 sedisset
1265 1106 1367 1169 annis

407 1222 543 1277 novem,
560 1200 783 1264 hebdomadis
803 1199 1038 1281 quadraginta
1060 1201 1225 1283 quinque,
1243 1201 1365 1268 diebus

406 1302 570 1383 quinque,
592 1308 736 1363 mortem
757 1299 863 1363 subiit
884 1298 976 1380 apud
1000 1298 1186 1381 Haliuges,
1209 1320 1292 1383 qnae
1310 1311 1364 1368 est

406 1402 491 1465 villo
507 1398 660 1483 episcopi
675 1398 856 1463 Roffensis.
900 1397 1091 1475 Walterus,
1110 1398 1364 1467 Lineolniensis

406 1501 600 1580 episcopus,
638 1500 673 1561 in
713 1497 1031 1579 Rothomagensem
1064 1497 1361 1583 arehiepiscopum

405 1600 613 1681 postulatur.
641 1597 721 1662 Rex
733 1596 941 1679 angrorum,
956 1617 1018 1679 per
1034 1597 1236 1662 Flaudriam
1252 1609 1363 1665 trans·

406 1700 492 1774 iens,
515 1698 611 1762 venit
639 1697 674 1760 in
698 1696 862 1778 Angliam
885 1697 989 1761 tertio
1013 1697 1092 1761 idus
1113 1696 1223 1761 Junii.
1276 1699 1361 1765 Dux

407 1797 569 1861 Saxoniae
603 1796 762 1860 similiter
790 1796 825 1858 in
857 1795 1022 1877 Angliam
1047 1797 1156 1873 venit,
1182 1797 1241 1861 cui
1269 1800 1360 1882 apud

406 1896 631 1979 Wyntoniam
660 1896 750 1958 infra
784 1914 913 1976 paucos
947 1894 1021 1958 dies
1051 1895 1191 1961 ducissa
1226 1901 1361 1981 peperit

406 1996 527 2071 filiuni,
545 1995 681 2058 nomine
696 1994 921 2060 Willelmum.

456 2094 585 2157 Lucius
608 2114 700 2176 papa
724 2093 952 2174 suffraganeis
978 2093 1132 2157 ecclesiae
1158 2087 1360 2161 ¹Cantuari·

404 2195 505 2270 ensis,
533 2194 639 2277 priori
665 2202 701 2258 et
725 2194 911 2258 couventui
935 2193 1180 2258 monachorum
1202 2195 1361 2261 eeclesiae

404 2293 533 2358 Christi
551 2288 831 2358 ²Cautuariensis
849 2292 1000 2374 scripsit,
1022 2300 1062 2355 ut
1076 2292 1282 2359 electionem
1305 2316 1361 2359 ar-

402 2392 612 2475 chiepiscopi
628 2387 889 2456 ³aceelerarent.
941 2390 997 2455 Ad
1020 2391 1109 2456 hauc
1133 2394 1359 2460 monitionem

401 2494 561 2575 regisque
577 2487 878 2556 *convocationem
895 2500 1131 2555 convenerunt
1146 2492 1359 2576 suffraganei

400 2601 434 2656 et
445 2592 602 2655 monaehi
615 2591 893 2669 Cantnarienses,
908 2591 1018 2673 primo
1031 2590 1228 2673 Redingiae,
1238 2602 1363 2675 postea

400 2690 661 2755 Windelesoroe.
712 2691 780 2754 Sed
807 2692 904 2755 nulla
929 2690 1023 2755 sacta
1048 2697 1102 2754 est
1122 2690 1260 2769 electio,
1285 2712 1359 2758 mo·

400 2790 520 2854 nachis
544 2792 587 2854 ad
614 2786 697 2854 ⁵hoe
723 2789 959 2871 suffraganeos
986 2790 1208 2854 renuentibus
1230 2792 1358 2858 admit·

400 2898 472 2954 tere
486 2910 625 2972 quoquo
643 2890 756 2953 modo.
803 2889 924 2953 Tertio
941 2889 1157 2953 Londoniam
1172 2901 1358 2969 venerunt,

399 2991 457 3052 ubi
475 2989 684 3070 suffraganei
704 2989 964 3071 Baldewynum,
983 2989 1265 3070 wigorniensem
1283 2994 1359 3075 epi·

399 3108 554 3169 scopum,
573 3090 606 3152 in
625 3089 921 3171 archiepiscopum
936 3088 1125 3169 elegerunt.
1167 3087 1361 3157 Pronunti-

399 3189 472 3251 avit
483 3189 683 3252 eleetionem
696 3188 875 3251 Gilhertus
888 3189 1071 3271 episcopus
1085 3187 1358 3272 Londoniensis3

399 3287 458 3350 sod
490 3296 671 3352 recusante
703 3289 813 3351 eleeto
846 3287 1040 3368 ingressum
1073 3287 1228 3351 ecelesiae
1263 3289 1358 3357 Can·

399 3388 582 3451 tuariensis
600 3396 722 3451 eontra
739 3406 859 3467 pacem
878 3387 1136 3465 monachornm,
1158 3389 1359 3457 recedente·

397 3506 464 3567 que
487 3507 579 3568 rege,
605 3488 699 3567 prior
728 3506 804 3548 cum
834 3486 1023 3562 monachis,
1051 3487 1236 3569 reprobato
1263 3491 1360 3558 sacto

397 3587 647 3668 episcoporum,
665 3587 809 3649 eundem
826 3587 1015 3667 elegerunt,
1029 3594 1064 3650 et
1080 3586 1156 3669 ejus
1168 3606 1358 3656 eonsecra-

397 3687 524 3749 tionem
543 3705 563 3748 a
581 3686 718 3749 domino
734 3706 826 3768 papa
843 3686 950 3749 Lucio
964 3686 1205 3768 impetrarunt.

447 3785 554 3849 Venit
571 3785 635 3848 hoc
660 3806 752 3849 anno
772 3787 807 3848 in
830 3785 994 3867 Angiiam
1010 3785 1195 3868 Philippus
1212 3784 1361 3856 Coloni-

233 3871 315 3902 ⁸'⁰¹²''
396 3886 489 3948 ensis
529 3885 820 3966 archiepiscopus,
863 3885 993 3948 habens
1036 3904 1152 3949 secum
1191 3892 1360 3958 comitem

573 4013 708 4020 ——-

432 4075 676 4137 “cantuariensis
690 4081 822 4129 dhetAr.
868 4088 871 4149 Ι
919 4074 1145 4142 Η0000110000ιί
1157 4080 1301 4137 Maur.

430 4146 440 4175 ²
457 4150 619 4197 ‘Carmana
630 4145 643 4207 ;’
657 4151 695 4198 M.
707 4156 731 4198 et
742 4152 787 4199 Ar.
868 4152 870 4199 ἰ

429 4215 440 4247 ³
456 4219 656 4268 ‘acceleraretur
665 4216 679 4279 ;'
692 4222 730 4269 M.
742 4226 767 4269 et
778 4221 825 4269 Ar.
867 4202 871 4285 Ι
919 4217 929 4245 ⁵
948 4219 1021 4269 ‘haec
1032 4219 1049 4278 ;'
1060 4217 1107 4267 Ar.
