2948 4942
250 427 272 490 6
604 441 678 488 ruo.
701 439 849 487 rnrvnrr

253 617 294 661 eo
319 597 412 679 quod
438 604 530 661 esset
552 599 756 662 remissioris
780 598 909 679 ingenii
932 606 1061 674 amoto,
1081 617 1209 662 secun-

255 697 335 760 dum
363 696 472 760 filium
496 695 734 761 Theobaldum
760 696 803 760 ad
825 697 1025 761 hereditatis
1049 704 1207 779 paternae

256 794 504 877 plenitudinem
528 789 752 860 ¹sublimavit.
803 794 960 859 Tertium
976 815 1059 859 vero
1082 795 1207 872 filium,

253 893 471 976 Stephanum
495 896 644 971 nomine,
660 894 774 958 adhuc
789 895 999 976 impuberem
1028 888 1209 975 ¹gcrmauo

259 1011 323 1055 suo
341 993 495 1056 chrico
522 995 596 1074 regi
613 991 753 1074 Angliae
769 986 995 1057 ¹edncandum
1014 1005 1051 1056 et
1067 1011 1209 1075 promo·

261 1091 423 1168 vandum,
449 1100 615 1175 tanquam
644 1099 804 1173 nepotem
827 1099 965 1173 patruo,
988 1090 1211 1155 commenda·

261 1190 322 1253 vit.
376 1188 547 1267 Quartum
574 1209 667 1267 vero,
694 1190 885 1253 Henricum
908 1191 1057 1267 nomine,
1073 1208 1117 1252 ne
1138 1191 1207 1254 soli

261 1289 390 1352 saeculo
410 1290 583 1354 videretur
605 1289 731 1353 liberos
757 1291 930 1371 genuisse,
950 1290 1043 1371 apud
1071 1306 1210 1352 monas-

261 1387 386 1451 terium
405 1382 648 1453 cluniacense²
674 1388 877 1453 tonsoravit.
929 1386 1101 1452 Processu
1123 1405 1211 1452 vero

262 1486 440 1568 temporis,
475 1488 651 1551 Henricus
682 1485 878 1568 Anglornm
907 1505 971 1550 rex
1004 1487 1210 1550 comitatum

264 1579 449 1648 Mortonii³
483 1605 544 1648 sen
582 1584 887 1648 Constancienscm
919 1587 956 1649 in
990 1585 1211 1649 Normannia

264 1684 382 1763 nepoti
419 1701 482 1745 suo
515 1682 690 1764 Stephano
721 1684 879 1760 contulit,
912 1685 1117 1766 unicamque
1150 1701 1212 1748 co-

264 1779 357 1843 mitis
386 1780 605 1845 Boloniensis
631 1782 748 1857 filiam,
774 1781 817 1843 ad
846 1800 950 1864 quam
974 1783 1075 1863 plene
1094 1783 1214 1846 dcvol·

265 1878 378 1940 venda
402 1886 478 1943 crat
508 1878 681 1943 hereditas
708 1874 878 1960 paterna,⁴
903 1880 1011 1942 eidem
1038 1881 1213 1946 connubio
1305 1906 1309 1913 ¹

265 1976 451 2057 copulavit.
514 1978 704 2041 Henricum
729 1996 812 2041 vero
837 1977 977 2040 fratrem
1007 1978 1160 2060 ejusdem
1191 1998 1214 2044 a

266 2073 434 2139 Cluniaco
449 2083 642 2152 evocatum,
659 2075 937 2139 Glastoniensem
954 2076 1113 2139 abbatem
1130 2096 1216 2141 con·

265 2173 391 2250 stituit,
431 2174 487 2237 cui
529 2182 565 2239 ct
608 2182 730 2258 postea
762 2174 1015 2239 wintoniensis
1055 2176 1213 2240 ecclesiae

265 2272 412 2336 contulit
435 2274 672 2355 praesulatum,
697 2274 758 2356 qui
784 2274 965 2356 utriusque
991 2273 1094 2337 simul
1113 2275 1212 2338 func·

266 2377 324 2436 tus
355 2371 467 2437 officio
500 2374 737 2454 possessiones
769 2373 1000 2454 amplissimas
1028 2373 1215 2455 utriusque

265 2469 420 2546 retinuit,
442 2470 601 2534 Romano
621 2490 699 2533 cum
725 2489 767 2532 co
795 2470 957 2550 pontifice
979 2471 1214 2552 dispensante

267 2565 464 2646 Stephanus
487 2566 606 2644 igitur,
624 2573 664 2628 ut
684 2566 867 2646 praefatum
889 2577 954 2644 est,
970 2570 1147 2632 subtracto
1169 2570 1216 2634 dc

268 2662 380 2724 medio
415 2662 600 2738 avunculo,
629 2682 771 2743 regnum
801 2662 940 2745 Angliae
973 2667 1152 2743 invadens,
1193 2686 1217 2732 a

268 2758 445 2823 Willelmo
474 2758 717 2824 Cantuariensi
745 2763 1014 2846 archiepiscopo,
1040 2773 1219 2831 annuento

268 2856 530 2921 Saresburiense
556 2858 709 2940 Rogero,
726 2862 762 2923 in
786 2864 971 2943 praesentia
991 2864 1219 2946 praelatorum

268 2964 304 3018 et
327 2974 519 3036 procerum,
536 2976 605 3020 non
622 2959 782 3023 obstante
792 2960 1002 3043 juramento,
1021 2961 1111 3043 quod
1132 2962 1219 3027 olim

268 3054 478 3135 imperatrici
501 3054 639 3120 vivente
666 3064 765 3137 patre
788 3061 1033 3140 praestiterant,
1054 3061 1220 3125 solemni-

204 3177 206 3183 ·
268 3160 322 3215 ter
346 3161 541 3217 coronatur.
599 3154 696 3219 Sedit
718 3175 760 3219 ea
782 3164 987 3239 tempestate
1008 3158 1130 3222 Romae
1151 3158 1217 3224 Iu-

268 3252 447 3315 nocentins
473 3252 655 3329 secundus,
673 3253 863 3335 imperante
888 3255 1053 3321 Lothario
1075 3265 1219 3339 quarto,

267 3357 302 3413 et
319 3358 486 3432 regnante
503 3352 538 3414 iu
556 3351 706 3416 Francia
721 3349 919 3417 Lodovico.⁵

302 3566 309 3598 ¹
322 3566 467 3630 ‘pervenit'
482 3571 571 3620 ‘fratri
588 3566 652 3634 suo:
664 3575 728 3622 ‘mt-
790 3571 909 3625 “totum
932 3579 1063 3639 spectabat
1088 3578 1221 3633 hereditas

265 3633 414 3696 triendnm;'
431 3639 478 3687 Ar.
752 3647 948 3709 patemanepoti
955 3648 1056 3698 domino
1063 3648 1193 3711 Stephano
1201 3653 1224 3714 ς’

302 3703 312 3733 ²
324 3707 365 3753 ‘in
376 3705 525 3756 monachum
532 3707 548 3764 ;’
564 3708 611 3759 Ar.
753 3714 801 3762 Ar.
950 3705 956 3715 ⁸

302 3771 461 3824 ⁸‘hiertonii
470 3775 488 3835 3'
504 3770 571 3827 D‘A.
788 3780 799 3810 ⁶
815 3783 893 3832 Iouis
903 3785 950 3835 vl.
