2940 4950
517 472 700 520 ANNALBS.

292 890 509 949 INCIPIUNT
531 890 660 950 GESTA
682 894 923 955 ¹TEMPORUM

389 1090 612 1163 HENRICI
640 1089 825 1164 ¹TERTII

362 1289 512 1356 REGIS
540 1286 855 1370 missionum,

132 1574 195 1653 Qui
203 1574 276 1658 suit
283 1575 379 1657 filias
390 1578 537 1659 Joaoar's,
552 1582 607 1666 qui
617 1583 689 1666 suit
706 1592 836 1668 quartas
853 1604 956 1646 eorum
972 1605 1084 1668 rreum,

216 1674 272 1759 qai
296 1695 318 1737 a
343 1677 501 1744 comitibus
518 1680 789 1766 Ammonitas
813 1682 967 1746 deserunt
992 1685 1085 1769 crioi-

217 1793 293 1850 uom,
311 1776 477 1842 mmm
491 1778 607 1844 lineam
620 1781 836 1846 msealiuam.

142 1940 182 1973 Γ·
221 1926 544 2026 mutilamus
566 1932 657 1995 filius
674 1932 697 1997 J
701 1936 821 1998 oannis
842 1936 934 2017 regis
951 1955 995 1999 ex
1011 1934 1086 1998 Isa·
1099 1954 1245 1993 seeuionor

141 2045 146 2068 ι
203 2057 207 2070 2
233 2008 267 2087 t}
295 2017 320 2136 ἒ
348 2028 440 2093 bella
464 2031 537 2095 filia
563 2033 699 2097 comitis
722 2034 1004 2117 Engolismensis,
1027 2053 1086 2097 an·

1100 2005 1173 2053 fleury
1183 2004 1226 2043 111.

151 2143 166 2172 ³
194 2141 266 2260 ‘w
294 2129 320 2267 4
348 2148 429 2191 num
452 2130 568 2194 aetatis
590 2130 757 2197 decimum
781 2153 900 2215 agens,
925 2142 1006 2215 post
1028 2153 1087 2214 pa-

141 2231 314 2300 ese-u,
347 2236 434 2293 trem
447 2228 657 2307 defunctum,
673 2251 764 2295 anno
776 2233 917 2296 Domini
936 2247 1086 2295 ucexvr.

129 2332 338 2397 sublimatur
367 2329 403 2392 in
434 2348 569 2410 regem:
604 2337 639 2393 et
667 2332 898 2413 praesentibus
926 2330 1086 2395 Gualone

128 2426 446 2515 apostolicaesedis
473 2428 604 2510 legato,
629 2448 707 2492 cum
732 2430 902 2512 episcopis
924 2429 946 2494 J
950 2430 1082 2494 ocelino

129 2525 369 2605 Bathoniensi,
382 2526 559 2592 Willelmo
578 2526 817 2607 coventrensi,
833 2529 979 2612 aliisque
996 2548 1085 2610 pree·

127 2630 211 2695 latis
232 2626 402 2713 pluribus,
418 2626 607 2709 reginaque
626 2626 779 2693 Isabella
800 2648 878 2693 cum
901 2628 1082 2692 comitibus

129 2728 309 2794 willelmo
347 2720 579 2803 'Maresculii,
608 2726 784 2791 Willelmo
824 2729 866 2793 de
903 2728 1082 2805 Ferrariis,

128 2846 326 2911 magnaque
362 2824 509 2889 aliorum
550 2825 715 2889 nobilium
751 2826 982 2903 multitudine,
1023 2848 1083 2910 per

127 2920 287 2991 'Petrum
301 2924 577 2990 wintoniensem
600 2926 799 3008 episcopum
822 2928 942 3010 quinto
966 2926 1081 2991 calen-

127 3024 193 3091 das
228 3024 449 3100 Novembris,
481 3024 517 3087 in
557 3023 613 3088 die
651 3024 810 3090 videlicet
846 3026 1080 3108 apostolorum
1093 3043 1128 3082 110
1138 3042 1156 3081 n

128 3124 279 3190 Simonis
296 3132 331 3189 et
351 3122 467 3200 Judae,
491 3122 527 3186 in
553 3123 700 3188 ecclesia
721 3125 814 3188 beati
841 3124 937 3189 Petri
964 3093 1197 3190 mona-3373?

128 3224 272 3289 chorum
289 3222 488 3287 Glovernias
503 3223 665 3287 inunctus
687 3224 722 3286 in
747 3243 861 3303 regem
885 3222 1085 3287 solemniter

126 3330 323 3387 coronatur.
385 3320 581 3384 Lodovicus
612 3322 704 3401 rogis
738 3320 948 3385 Francorum
979 3321 1081 3396 filius,

127 3440 207 3485 cum
232 3420 308 3505 jam
339 3428 492 3485 castrum
519 3412 704 3484 ⁴Dovoriae
742 3419 932 3485 obsedisset
961 3419 1082 3482 diebus

127 3520 334 3603 quindecim,
349 3518 436 3583 nihil
454 3518 635 3600 proficiens
653 3518 867 3582 Londoniam
884 3519 1080 3594 revertitur,

127 3620 189 3683 ubi
216 3619 253 3682 in
284 3618 339 3683 die
365 3618 479 3682 sancti
514 3617 686 3682 Leonardi
720 3618 875 3682 redditur
904 3620 935 3683 ci
965 3619 1079 3683 turris

128 3716 341 3799 Progressus
356 3736 439 3783 vero
455 3716 498 3779 de
516 3714 708 3793 Londonia‚
725 3726 875 3782 castrum
895 3718 937 3782 de
953 3714 1081 3783 ⁶Hert-

161 3888 171 3923 ¹
187 3892 271 3942 tuere
280 3894 366 3942 words
381 3908 425 3943 are
438 3894 552 3954 wanting
565 3894 592 3942 in
616 3909 645 3942 or
665 3895 712 3944 des
733 3896 842 3946 Boebes.
888 3898 936 3946 See
957 3903 1026 3958 unte,
1047 3898 1080 3945 ad

127 3960 167 4010 Μ.
182 3962 234 4011 aud
251 3961 315 4022 Ar.;
331 3976 361 4012 us
375 3964 431 4011 also
450 3963 493 4011 the
509 3963 592 4011 whole
615 3970 756 4015 unnim.

125 4030 215 4081 uisum
226 4028 592 4095 totlowtagfonituittitiur}
651 4064 662 4094 ⁴
678 4063 838 4127 ‘Domiaes
852 4063 919 4115 M

125 4104 177 4198 ἅθ’.
190 4169 292 4219 Earini
301 4170 452 4221 Pembroke.
652 4166 832 4227 ⁵‘Herford3’
854 4167 942 4217 D'A.:
967 4167 1080 4217 ‘Horte-

161 4236 173 4269 ³
191 4238 310 4302 Numiy,
322 4240 401 4289 Peter
414 4240 447 4289 ds
466 4240 593 4301 Rupibus,
618 4234 711 4297 iorde3'
725 4238 762 4287 M.
773 4242 799 4285 et
810 4236 857 4287 Ar.
