2940 4950
530 456 708 504 ansanus.
1045 442 1090 506 89

141 605 258 674 etiem¹
293 613 455 677 nobilitas
492 615 719 695 recognoscit,
755 633 824 677 non
860 622 914 679 est
947 614 1088 680 dubium
1101 634 1232 685 remoror

140 712 322 791 pertinere.
375 712 477 776 Unde
497 719 631 777 tantam
653 713 689 776 in
706 712 756 776 eis
773 714 936 777 libentius
952 715 1087 797 planta·
1100 684 1242 776 waren

139 809 280 885 tionem,
307 810 408 874 fidem
437 831 520 875 vero
549 820 584 876 et
603 831 743 892 germen
765 812 845 876 Duo
871 821 1009 895 gratum
1035 814 1088 877 in·

141 908 299 986 serimoS,
316 916 447 990 quanto
461 903 502 972 'a
517 911 617 973 nobis
639 911 675 972 in
698 920 817 975 nostro
839 913 999 975 examine
1021 912 1090 977 dis·

141 1006 278 1068 trictius
293 1008 519 1090 prospicimus
535 1009 755 1089 exigendum.
808 1009 1018 1091 Significasti
1041 1013 1088 1075 si-

141 1104 279 1186 qnidem
296 1107 406 1183 nobis,
424 1107 472 1170 fili
489 1108 526 1171 iu
543 1106 683 1171 Christo
700 1108 888 1186 carissime,
904 1117 940 1173 te
961 1108 1089 1173 Hiber-

142 1204 208 1266 niae
230 1203 389 1281 insulam,
412 1205 456 1268 ad
474 1205 690 1270 subdendum
707 1206 804 1269 illum
821 1208 987 1290 populum
1002 1209 1088 1289 legi·

141 1303 218 1377 bns,
235 1309 270 1366 et
287 1304 449 1368 vitiorum
466 1303 639 1387 plantaria
654 1304 733 1367 inde
748 1306 984 1387 exstirpanda,
1002 1306 1091 1371 velle

140 1401 281 1478 intrare,
304 1410 340 1466 et
362 1402 406 1465 de
427 1403 575 1485 singulis
602 1403 759 1466 domibus
785 1405 963 1467 annuatim
989 1405 1090 1468 unius

141 1499 273 1563 denarii
300 1501 402 1565 beato
430 1501 538 1566 Petro
555 1501 644 1567 velle
667 1502 802 1566 solvere
825 1503 1037 1585 pensionem,
1055 1511 1091 1567 et

137 1598 220 1682 jura
243 1600 464 1665 ecclesiarum
483 1602 576 1666 illins
606 1609 708 1666 terrae
733 1600 869 1665 illibata
897 1609 933 1666 et
955 1603 1091 1682 integra

140 1717 355 1764 conservare.

191 1796 287 1862 ‘Nos
303 1799 433 1880 itaque,
448 1798 543 1880 pium
566 1805 602 1862 et
619 1797 792 1862 landabile
814 1797 1021 1862 desidorium
1038 1797 1091 1861 fa·

143 1915 225 1959 vore
263 1916 417 1978 congruo
455 1905 715 1979 prosequentes,
751 1905 788 1962 et
825 1897 984 1979 petitioni
1019 1903 1090 1961 tnae

142 1995 288 2074 benigne
315 1993 551 2075 impendentes
582 2014 773 2070 assensum,
806 2005 944 2076 gratum
974 2002 1010 2059 et
1036 2013 1090 2058 ac

141 2098 280 2171 ceptum
302 2091 480 2165 habemus,
499 2100 539 2155 ut
560 2111 623 2172 pro
647 2091 832 2156 dilatandis
853 2094 1008 2157 ecclesiae
1024 2100 1091 2155 ter·

142 2188 257 2265 minis,
279 2208 343 2270 pro
358 2188 518 2253 vitiorum
535 2189 774 2268 restringenda
796 2197 907 2270 parte,
931 2197 966 2254 et
985 2191 1091 2253 corri-

141 2286 265 2368 gendis
292 2287 457 2361 moribus,
481 2293 517 2349 et
539 2286 723 2351 virtutibus
748 2286 948 2362 inserendis,
975 2296 1011 2349 et
1029 2307 1091 2368 pro

142 2385 351 2450 Christianae
383 2383 558 2465 roligionis
588 2391 776 2464 augmento
810 2385 959 2449 insulam
995 2385 1091 2448 illam

142 2476 364 2565 ingrediens,³
386 2492 421 2547 et
442 2502 521 2565 quae
543 2483 587 2546 ad
609 2483 771 2546 honorem
793 2483 864 2546 Dnr
888 2490 923 2548 et
943 2483 1091 2547 salutem
1180 2524 1184 2532 -

141 2577 250 2647 ⁴illius
268 2582 500 2665 spectaverint
517 2582 733 2665 exsequaris,
749 2590 784 2646 et
800 2582 894 2646 illins
910 2592 1011 2646 terrae
1028 2602 1091 2663 po·

144 2683 246 2765 pulns
273 2682 462 2746 honorifice
487 2688 522 2745 te
545 2681 725 2763 suscipiat,
748 2688 784 2745 et
805 2681 897 2744 sicut
918 2681 1091 2744 dominum

144 2779 337 2858 veneretur,
355 2782 435 2864 jure
461 2780 621 2844 nimirum
645 2779 867 2843 ecclesiarum
894 2779 1029 2843 illibato
1057 2788 1093 2845 et

142 2881 278 2961 integro
306 2887 539 2962 permanente,
562 2887 597 2942 et
614 2878 713 2944 salva
735 2880 837 2942 beato
864 2877 970 2941 Petro
994 2876 1092 2960 Apo·

144 2979 235 3041 stolo
253 2986 288 3042 et
299 2985 529 3042 sacrosanctae
546 2977 712 3041 Ecclesiae
730 2977 900 3041 Romanae
916 2977 959 3040 de
976 2977 1092 3058 singn-

144 3077 187 3140 lis
223 3076 380 3140 domibus
409 3077 586 3140 annuatim
619 3076 722 3139 unius
752 3075 885 3138 denarii
919 3077 1092 3158 pensione.

144 3175 182 3238 Si
210 3194 293 3255 ergo
316 3175 409 3255 quod
437 3175 551 3237 animo
580 3174 782 3256 concepisti,
805 3173 931 3237 affectu
952 3174 1093 3237 duxeris

143 3267 388 3354 prosequendi⁵
420 3272 671 3354 complendum,
703 3271 804 3336 stude
833 3279 970 3352 gentem
997 3267 1093 3335 illam

144 3372 243 3436 bonis
264 3372 416 3435 moribus
439 3371 635 3447 informare,
659 3377 694 3433 et
719 3370 851 3450 cogites
871 3378 940 3432 tam
964 3388 1026 3451 per
1046 3378 1093 3447 te,

143 3490 248 3553 qnam
276 3490 337 3551 per
357 3471 449 3546 illos,
471 3487 559 3552 quos
582 3469 625 3532 ad
648 3470 714 3532 hoc
736 3468 815 3544 fide,
830 3469 935 3533 verbo
952 3468 1094 3532 idoneos
1138 3508 1141 3515 ,

145 3579 180 3634 et
198 3571 284 3645 vita,
306 3589 381 3633 esse
404 3569 636 3650 prospexeris,
659 3576 698 3631 nt
715 3567 896 3631 decoretur
917 3567 965 3630 ibi
987 3567 1093 3631 eccle-

144 3670 209 3745 sia,
232 3668 409 3750 plantetur
430 3675 465 3731 et
482 3675 615 3730 crescat
631 3667 710 3730 fidei
733 3666 939 3731 Christianae
960 3665 1094 3747 religio,

145 3775 180 3831 et
204 3787 282 3849 quae
308 3767 353 3830 ad
383 3765 546 3829 bonorem
574 3766 646 3829 Dm
679 3772 715 3829 et
744 3766 889 3829 salutem
921 3765 1095 3848 pertinent

180 4011 448 4115 dyminem-etiam?
462 4012 530 4064 ΠΛ·
669 4051 788 4104 ⁴‘tsrrae
797 4049 942 4104 illius³Ar

225 4087 253 4133 rd
264 4102 280 4134 a
291 4087 379 4143 nob1s3
399 4085 446 4133 Ar.
878 4089 885 4114 ’
944 4089 951 4105 ⁸

182 4149 399 4216 “inpediebat
420 4154 482 4203 Hali
501 4158 525 4203 et
545 4152 608 4205 Aa:

147 4224 309 4286 ‘ingrediens
320 4238 352 4272 ea
361 4218 375 4283 ς’
388 4219 455 4272 ΒἊ.
670 4191 680 4219 ⁵
696 4193 880 4254 ‘pwwquenoe
887 4186 902 4250 ἱ,
914 4185 983 4241 Μ’
