<?xml version="1.0" encoding="UTF-8"?>
<!DOCTYPE html PUBLIC "-//W3C//DTD XHTML 1.0 Transitional//EN"
    "http://www.w3.org/TR/xhtml1/DTD/xhtml1-transitional.dtd">
<html xmlns="http://www.w3.org/1999/xhtml" xml:lang="en" lang="en">
 <head>
  <title>
</title>
<meta http-equiv="Content-Type" content="text/html;charset=utf-8" />
  <meta name='ocr-system' content='tesseract 3.04.00' />
  <meta name='ocr-capabilities' content='ocr_page ocr_carea ocr_par ocr_line ocrx_word'/>
</head>
<body>
  <div class='ocr_page' id='page_1' title='image "./fnicholaitrivet00trivgoog/fnicholaitrivet00trivgoog_0168.png"; bbox 0 0 2940 4950; ppageno 0'>
   <div class='ocr_carea' id='block_1_1' title="bbox 572 388 1144 453">
    <p class='ocr_par' dir='ltr' id='par_1_1' title="bbox 572 388 1144 453">
     <span class='ocr_line' id='line_1_1' title="bbox 572 388 1144 453; baseline 0.002 -3"><span class='ocrx_word' id='word_1_1' title='bbox 572 402 755 450; x_wconf 71' lang='lat' dir='ltr'><strong>susanne.</strong></span> <span class='ocrx_word' id='word_1_2' title='bbox 1080 388 1144 453; x_wconf 71' lang='lat' dir='ltr'><strong>las</strong></span> 
     </span>
    </p>
   </div>
   <div class='ocr_carea' id='block_1_2' title="bbox 183 557 1288 3934">
    <p class='ocr_par' dir='ltr' id='par_1_2' title="bbox 190 557 1142 742">
     <span class='ocr_line' id='line_1_2' title="bbox 190 557 1141 642; baseline 0.006 -22"><span class='ocrx_word' id='word_1_3' title='bbox 190 558 376 635; x_wconf 87' lang='lat' dir='ltr'><strong>civitatem,</strong></span> <span class='ocrx_word' id='word_1_4' title='bbox 409 557 500 639; x_wconf 89' lang='lat' dir='ltr'><strong>quod</strong></span> <span class='ocrx_word' id='word_1_5' title='bbox 534 578 601 621; x_wconf 91' lang='lat' dir='ltr'><strong>non</strong></span> <span class='ocrx_word' id='word_1_6' title='bbox 638 578 739 641; x_wconf 90' lang='lat' dir='ltr'><strong>posse</strong></span> <span class='ocrx_word' id='word_1_7' title='bbox 768 559 842 623; x_wconf 89' lang='lat' dir='ltr'><strong>lieri</strong></span> <span class='ocrx_word' id='word_1_8' title='bbox 875 561 1141 642; x_wconf 78' lang='lat' dir='ltr'><strong>existimabant3</strong></span> 
     </span>
     <span class='ocr_line' id='line_1_3' title="bbox 190 658 1142 742; baseline 0.007 -23"><span class='ocrx_word' id='word_1_9' title='bbox 190 660 379 739; x_wconf 70' lang='lat' dir='ltr'><strong>prasertim</strong></span> <span class='ocrx_word' id='word_1_10' title='bbox 415 678 492 722; x_wconf 92' lang='lat' dir='ltr'><strong>cum</strong></span> <span class='ocrx_word' id='word_1_11' title='bbox 527 658 787 741; x_wconf 85' lang='lat' dir='ltr'><strong>perpendissent</strong></span> <span class='ocrx_word' id='word_1_12' title='bbox 818 660 951 742; x_wconf 86' lang='lat' dir='ltr'><strong>plebem</strong></span> <span class='ocrx_word' id='word_1_13' title='bbox 987 661 1142 726; x_wconf 86' lang='lat' dir='ltr'><strong>avidissi-</strong></span> 
     </span>
    </p>

    <p class='ocr_par' dir='ltr' id='par_1_3' title="bbox 189 758 1142 842">
     <span class='ocr_line' id='line_1_4' title="bbox 189 758 1142 842; baseline 0.006 -23"><span class='ocrx_word' id='word_1_14' title='bbox 189 777 279 820; x_wconf 87' lang='lat' dir='ltr'><strong>mam</strong></span> <span class='ocrx_word' id='word_1_15' title='bbox 319 758 362 822; x_wconf 93' lang='lat' dir='ltr'><strong>ad</strong></span> <span class='ocrx_word' id='word_1_16' title='bbox 403 759 704 823; x_wconf 84' lang='lat' dir='ltr'>consummandam</span> <span class='ocrx_word' id='word_1_17' title='bbox 744 762 1067 842; x_wconf 83' lang='lat' dir='ltr'><strong>peregrinationem,</strong></span> <span class='ocrx_word' id='word_1_18' title='bbox 1102 771 1142 825; x_wconf 93' lang='lat' dir='ltr'><strong>ut</strong></span> 
     </span>
    </p>

    <p class='ocr_par' dir='ltr' id='par_1_4' title="bbox 190 858 1140 939">
     <span class='ocr_line' id='line_1_5' title="bbox 190 858 1140 939; baseline 0.007 -20"><span class='ocrx_word' id='word_1_19' title='bbox 190 858 267 920; x_wconf 89' lang='lat' dir='ltr'><strong>iude</strong></span> <span class='ocrx_word' id='word_1_20' title='bbox 285 859 513 939; x_wconf 82' lang='lat' dir='ltr'><strong>repatriarent</strong></span> <span class='ocrx_word' id='word_1_21' title='bbox 527 859 654 939; x_wconf 79' lang='lat' dir='ltr'><strong>singuli</strong></span> <span class='ocrx_word' id='word_1_22' title='bbox 672 860 746 923; x_wconf 90' lang='lat' dir='ltr'><strong>sine</strong></span> <span class='ocrx_word' id='word_1_23' title='bbox 762 879 868 923; x_wconf 89' lang='lat' dir='ltr'><strong>mora.</strong></span> <span class='ocrx_word' id='word_1_24' title='bbox 912 861 1140 925; x_wconf 89' lang='lat' dir='ltr'><strong>Redeundnm</strong></span> 
     </span>
    </p>

    <p class='ocr_par' dir='ltr' id='par_1_5' title="bbox 188 957 1142 1225">
     <span class='ocr_line' id='line_1_6' title="bbox 190 957 1142 1043; baseline 0.005 -23"><span class='ocrx_word' id='word_1_25' title='bbox 190 977 274 1038; x_wconf 85' lang='lat' dir='ltr'><strong>ergo</strong></span> <span class='ocrx_word' id='word_1_26' title='bbox 305 965 498 1035; x_wconf 89' lang='lat' dir='ltr'><strong>senserunt,</strong></span> <span class='ocrx_word' id='word_1_27' title='bbox 531 967 566 1021; x_wconf 92' lang='lat' dir='ltr'><strong>et</strong></span> <span class='ocrx_word' id='word_1_28' title='bbox 595 957 759 1023; x_wconf 81' lang='lat' dir='ltr'><strong>Ascaloni</strong></span> <span class='ocrx_word' id='word_1_29' title='bbox 790 960 1014 1025; x_wconf 85' lang='lat' dir='ltr'><strong>insistendum</strong></span> <span class='ocrx_word' id='word_1_30' title='bbox 1041 979 1142 1043; x_wconf 90' lang='lat' dir='ltr'><strong>repa·</strong></span> 
     </span>
     <span class='ocr_line' id='line_1_7' title="bbox 189 1057 1141 1143; baseline 0.007 -25"><span class='ocrx_word' id='word_1_31' title='bbox 189 1057 328 1136; x_wconf 82' lang='lat' dir='ltr'><strong>randae3</strong></span> <span class='ocrx_word' id='word_1_32' title='bbox 358 1078 436 1141; x_wconf 81' lang='lat' dir='ltr'><strong>qum</strong></span> <span class='ocrx_word' id='word_1_33' title='bbox 452 1060 624 1121; x_wconf 89' lang='lat' dir='ltr'><strong>sententia</strong></span> <span class='ocrx_word' id='word_1_34' title='bbox 638 1079 716 1122; x_wconf 92' lang='lat' dir='ltr'><strong>cum</strong></span> <span class='ocrx_word' id='word_1_35' title='bbox 738 1060 944 1124; x_wconf 84' lang='lat' dir='ltr'><strong>innotuisset</strong></span> <span class='ocrx_word' id='word_1_36' title='bbox 963 1061 1066 1143; x_wconf 87' lang='lat' dir='ltr'><strong>plebi,</strong></span> <span class='ocrx_word' id='word_1_37' title='bbox 1089 1063 1141 1124; x_wconf 91' lang='lat' dir='ltr'><strong>in·</strong></span> 
     </span>
     <span class='ocr_line' id='line_1_8' title="bbox 188 1157 1142 1225; baseline 0.004 -5"><span class='ocrx_word' id='word_1_38' title='bbox 188 1157 383 1221; x_wconf 72' lang='lat' dir='ltr'><strong>aestimabili</strong></span> <span class='ocrx_word' id='word_1_39' title='bbox 398 1157 516 1222; x_wconf 92' lang='lat' dir='ltr'><strong>dolore</strong></span> <span class='ocrx_word' id='word_1_40' title='bbox 534 1159 724 1222; x_wconf 89' lang='lat' dir='ltr'><strong>contabuit.</strong></span> <span class='ocrx_word' id='word_1_41' title='bbox 778 1158 865 1223; x_wconf 87' lang='lat' dir='ltr'><strong>Cum</strong></span> <span class='ocrx_word' id='word_1_42' title='bbox 889 1168 1005 1225; x_wconf 89' lang='lat' dir='ltr'><strong>autem</strong></span> <span class='ocrx_word' id='word_1_43' title='bbox 1027 1181 1142 1224; x_wconf 88' lang='lat' dir='ltr'><strong>rever-</strong></span> 
     </span>
    </p>

    <p class='ocr_par' dir='ltr' id='par_1_6' title="bbox 187 1258 1141 1343">
     <span class='ocr_line' id='line_1_9' title="bbox 187 1258 1141 1343; baseline 0.005 -24"><span class='ocrx_word' id='word_1_44' title='bbox 187 1277 246 1320; x_wconf 88' lang='lat' dir='ltr'><strong>sus</strong></span> <span class='ocrx_word' id='word_1_45' title='bbox 260 1267 352 1321; x_wconf 85' lang='lat' dir='ltr'><strong>esset</strong></span> <span class='ocrx_word' id='word_1_46' title='bbox 368 1259 542 1322; x_wconf 85' lang='lat' dir='ltr'><strong>exercitus</strong></span> <span class='ocrx_word' id='word_1_47' title='bbox 559 1276 667 1340; x_wconf 90' lang='lat' dir='ltr'><strong>usque</strong></span> <span class='ocrx_word' id='word_1_48' title='bbox 687 1258 886 1335; x_wconf 91' lang='lat' dir='ltr'><strong>Ramulam,</strong></span> <span class='ocrx_word' id='word_1_49' title='bbox 908 1261 1016 1343; x_wconf 87' lang='lat' dir='ltr'><strong>coepit</strong></span> <span class='ocrx_word' id='word_1_50' title='bbox 1032 1261 1141 1342; x_wconf 91' lang='lat' dir='ltr'><strong>pluri·</strong></span> 
     </span>
    </p>

    <p class='ocr_par' dir='ltr' id='par_1_7' title="bbox 186 1358 1142 1842">
     <span class='ocr_line' id='line_1_10' title="bbox 188 1358 1141 1439; baseline 0.003 -19"><span class='ocrx_word' id='word_1_51' title='bbox 188 1377 278 1420; x_wconf 92' lang='lat' dir='ltr'><strong>mum</strong></span> <span class='ocrx_word' id='word_1_52' title='bbox 307 1358 462 1434; x_wconf 91' lang='lat' dir='ltr'><strong>diminui,</strong></span> <span class='ocrx_word' id='word_1_53' title='bbox 490 1365 588 1439; x_wconf 88' lang='lat' dir='ltr'><strong>parte</strong></span> <span class='ocrx_word' id='word_1_54' title='bbox 622 1358 834 1422; x_wconf 82' lang='lat' dir='ltr'><strong>Francorum</strong></span> <span class='ocrx_word' id='word_1_55' title='bbox 864 1360 1019 1424; x_wconf 88' lang='lat' dir='ltr'><strong>maxima</strong></span> <span class='ocrx_word' id='word_1_56' title='bbox 1048 1379 1141 1424; x_wconf 90' lang='lat' dir='ltr'><strong>rece-</strong></span> 
     </span>
     <span class='ocr_line' id='line_1_11' title="bbox 187 1457 1142 1542; baseline 0.003 -24"><span class='ocrx_word' id='word_1_57' title='bbox 187 1457 305 1536; x_wconf 82' lang='lat' dir='ltr'><strong>dente3</strong></span> <span class='ocrx_word' id='word_1_58' title='bbox 321 1477 467 1539; x_wconf 91' lang='lat' dir='ltr'><strong>quorum</strong></span> <span class='ocrx_word' id='word_1_59' title='bbox 483 1457 622 1539; x_wconf 91' lang='lat' dir='ltr'><strong>quidam</strong></span> <span class='ocrx_word' id='word_1_60' title='bbox 638 1457 826 1535; x_wconf 79' lang='lat' dir='ltr'><strong>Achonem,</strong></span> <span class='ocrx_word' id='word_1_61' title='bbox 837 1459 977 1541; x_wconf 89' lang='lat' dir='ltr'><strong>quidam</strong></span> <span class='ocrx_word' id='word_1_62' title='bbox 991 1459 1013 1523; x_wconf 87' lang='lat' dir='ltr'>J</span> <span class='ocrx_word' id='word_1_63' title='bbox 1017 1478 1142 1542; x_wconf 92' lang='lat' dir='ltr'><strong>oppen,</strong></span> 
     </span>
     <span class='ocr_line' id='line_1_12' title="bbox 186 1553 1141 1641; baseline 0.001 -21"><span class='ocrx_word' id='word_1_64' title='bbox 186 1558 323 1638; x_wconf 92' lang='lat' dir='ltr'><strong>quidam</strong></span> <span class='ocrx_word' id='word_1_65' title='bbox 368 1557 499 1640; x_wconf 83' lang='lat' dir='ltr'><strong>Tyrum</strong></span> <span class='ocrx_word' id='word_1_66' title='bbox 541 1557 584 1620; x_wconf 90' lang='lat' dir='ltr'><strong>ad</strong></span> <span class='ocrx_word' id='word_1_67' title='bbox 623 1558 836 1622; x_wconf 89' lang='lat' dir='ltr'><strong>Marchisum</strong></span> <span class='ocrx_word' id='word_1_68' title='bbox 874 1559 1028 1641; x_wconf 88' lang='lat' dir='ltr'><strong>dirigunt</strong></span> <span class='ocrx_word' id='word_1_69' title='bbox 1060 1553 1141 1623; x_wconf 90' lang='lat' dir='ltr'><strong>¹iter</strong></span> 
     </span>
     <span class='ocr_line' id='line_1_13' title="bbox 186 1657 1140 1723; baseline 0.003 -4"><span class='ocrx_word' id='word_1_70' title='bbox 186 1677 298 1721; x_wconf 88' lang='lat' dir='ltr'><strong>suum.</strong></span> <span class='ocrx_word' id='word_1_71' title='bbox 353 1657 431 1721; x_wconf 88' lang='lat' dir='ltr'><strong>Rex</strong></span> <span class='ocrx_word' id='word_1_72' title='bbox 456 1658 627 1722; x_wconf 89' lang='lat' dir='ltr'><strong>Ricardus</strong></span> <span class='ocrx_word' id='word_1_73' title='bbox 649 1658 871 1722; x_wconf 89' lang='lat' dir='ltr'><strong>nibilominus</strong></span> <span class='ocrx_word' id='word_1_74' title='bbox 888 1678 965 1723; x_wconf 93' lang='lat' dir='ltr'><strong>cum</strong></span> <span class='ocrx_word' id='word_1_75' title='bbox 985 1658 1140 1723; x_wconf 90' lang='lat' dir='ltr'><strong>Henrico</strong></span> 
     </span>
     <span class='ocr_line' id='line_1_14' title="bbox 186 1751 1139 1842; baseline 0.005 -24"><span class='ocrx_word' id='word_1_76' title='bbox 186 1758 311 1820; x_wconf 85' lang='lat' dir='ltr'><strong>comite</strong></span> <span class='ocrx_word' id='word_1_77' title='bbox 334 1751 561 1840; x_wconf 65' lang='lat' dir='ltr'><strong>&#39;Campaniae</strong></span> <span class='ocrx_word' id='word_1_78' title='bbox 588 1770 622 1822; x_wconf 91' lang='lat' dir='ltr'><strong>et</strong></span> <span class='ocrx_word' id='word_1_79' title='bbox 647 1759 778 1842; x_wconf 90' lang='lat' dir='ltr'><strong>reliquo</strong></span> <span class='ocrx_word' id='word_1_80' title='bbox 803 1760 969 1836; x_wconf 84' lang='lat' dir='ltr'><strong>exercitu,</strong></span> <span class='ocrx_word' id='word_1_81' title='bbox 992 1759 1139 1823; x_wconf 86' lang='lat' dir='ltr'><strong>Ascalo·</strong></span> 
     </span>
    </p>

    <p class='ocr_par' dir='ltr' id='par_1_8' title="bbox 187 1858 1139 2141">
     <span class='ocr_line' id='line_1_15' title="bbox 187 1858 1139 1941; baseline 0.005 -25"><span class='ocrx_word' id='word_1_82' title='bbox 187 1875 261 1918; x_wconf 89' lang='lat' dir='ltr'><strong>nem</strong></span> <span class='ocrx_word' id='word_1_83' title='bbox 296 1860 457 1938; x_wconf 90' lang='lat' dir='ltr'><strong>perrexit.</strong></span> <span class='ocrx_word' id='word_1_84' title='bbox 520 1858 554 1922; x_wconf 94' lang='lat' dir='ltr'>N</span> <span class='ocrx_word' id='word_1_85' title='bbox 558 1878 639 1921; x_wconf 90' lang='lat' dir='ltr'><strong>aves</strong></span> <span class='ocrx_word' id='word_1_86' title='bbox 670 1868 786 1922; x_wconf 90' lang='lat' dir='ltr'><strong>autem</strong></span> <span class='ocrx_word' id='word_1_87' title='bbox 817 1860 920 1940; x_wconf 87' lang='lat' dir='ltr'><strong>regis,</strong></span> <span class='ocrx_word' id='word_1_88' title='bbox 951 1878 1029 1941; x_wconf 84' lang='lat' dir='ltr'><strong>quae</strong></span> <span class='ocrx_word' id='word_1_89' title='bbox 1061 1878 1139 1924; x_wconf 91' lang='lat' dir='ltr'><strong>cum</strong></span> 
     </span>
     <span class='ocr_line' id='line_1_16' title="bbox 189 1954 1136 2042; baseline 0.006 -26"><span class='ocrx_word' id='word_1_90' title='bbox 189 1954 395 2018; x_wconf 82' lang='lat' dir='ltr'><strong>victualibus</strong></span> <span class='ocrx_word' id='word_1_91' title='bbox 413 1956 617 2020; x_wconf 85' lang='lat' dir='ltr'><strong>Ascalonem</strong></span> <span class='ocrx_word' id='word_1_92' title='bbox 636 1957 833 2035; x_wconf 87' lang='lat' dir='ltr'><strong>tendebant,</strong></span> <span class='ocrx_word' id='word_1_93' title='bbox 851 1959 1031 2042; x_wconf 80' lang='lat' dir='ltr'><strong>galeaeque</strong></span> <span class='ocrx_word' id='word_1_94' title='bbox 1053 1959 1136 2023; x_wconf 91' lang='lat' dir='ltr'><strong>illuc</strong></span> 
     </span>
     <span class='ocr_line' id='line_1_17' title="bbox 188 2055 1139 2141; baseline 0.004 -26"><span class='ocrx_word' id='word_1_95' title='bbox 188 2055 412 2131; x_wconf 83' lang='lat' dir='ltr'><strong>transmissae,</strong></span> <span class='ocrx_word' id='word_1_96' title='bbox 428 2057 460 2119; x_wconf 87' lang='lat' dir='ltr'><strong>vi</strong></span> <span class='ocrx_word' id='word_1_97' title='bbox 479 2059 708 2137; x_wconf 88' lang='lat' dir='ltr'><strong>tempestatis,</strong></span> <span class='ocrx_word' id='word_1_98' title='bbox 727 2076 805 2120; x_wconf 90' lang='lat' dir='ltr'><strong>cum</strong></span> <span class='ocrx_word' id='word_1_99' title='bbox 830 2059 989 2120; x_wconf 91' lang='lat' dir='ltr'><strong>omnibus</strong></span> <span class='ocrx_word' id='word_1_100' title='bbox 1008 2078 1086 2141; x_wconf 83' lang='lat' dir='ltr'><strong>quae</strong></span> <span class='ocrx_word' id='word_1_101' title='bbox 1103 2059 1139 2120; x_wconf 91' lang='lat' dir='ltr'><strong>in</strong></span> 
     </span>
    </p>

    <p class='ocr_par' dir='ltr' id='par_1_9' title="bbox 184 2154 1288 2836">
     <span class='ocr_line' id='line_1_18' title="bbox 187 2154 1286 2240; baseline -0.001 -25"><span class='ocrx_word' id='word_1_102' title='bbox 187 2154 237 2216; x_wconf 87' lang='lat' dir='ltr'><strong>eis</strong></span> <span class='ocrx_word' id='word_1_103' title='bbox 260 2154 409 2230; x_wconf 83' lang='lat' dir='ltr'><strong>inerant,</strong></span> <span class='ocrx_word' id='word_1_104' title='bbox 427 2155 613 2236; x_wconf 87' lang='lat' dir='ltr'><strong>perierunt.</strong></span> <span class='ocrx_word' id='word_1_105' title='bbox 660 2154 740 2219; x_wconf 84' lang='lat' dir='ltr'><strong>Rex</strong></span> <span class='ocrx_word' id='word_1_106' title='bbox 761 2156 878 2238; x_wconf 89' lang='lat' dir='ltr'><strong>itaque</strong></span> <span class='ocrx_word' id='word_1_107' title='bbox 904 2175 1039 2220; x_wconf 86' lang='lat' dir='ltr'><strong>omnem</strong></span> <span class='ocrx_word' id='word_1_108' title='bbox 1058 2177 1139 2240; x_wconf 88' lang='lat' dir='ltr'><strong>ope-</strong></span> <span class='ocrx_word' id='word_1_109' title='bbox 1152 2175 1286 2215; x_wconf 59' lang='lat' dir='ltr'><strong>utamur.</strong></span> 
     </span>
     <span class='ocr_line' id='line_1_19' title="bbox 188 2226 1288 2337; baseline 0 -22"><span class='ocrx_word' id='word_1_110' title='bbox 188 2272 260 2316; x_wconf 92' lang='lat' dir='ltr'><strong>ram</strong></span> <span class='ocrx_word' id='word_1_111' title='bbox 289 2254 395 2318; x_wconf 91' lang='lat' dir='ltr'><strong>muris</strong></span> <span class='ocrx_word' id='word_1_112' title='bbox 423 2254 607 2319; x_wconf 87' lang='lat' dir='ltr'><strong>Ascalonis</strong></span> <span class='ocrx_word' id='word_1_113' title='bbox 630 2254 831 2337; x_wconf 86' lang='lat' dir='ltr'><strong>reparandis</strong></span> <span class='ocrx_word' id='word_1_114' title='bbox 857 2254 1033 2334; x_wconf 85' lang='lat' dir='ltr'><strong>adhibuit3</strong></span> <span class='ocrx_word' id='word_1_115' title='bbox 1060 2275 1140 2337; x_wconf 90' lang='lat' dir='ltr'><strong>pro·</strong></span> <span class='ocrx_word' id='word_1_116' title='bbox 1152 2226 1288 2316; x_wconf 63' lang='lat' dir='ltr'><strong>lll‘allllfof</strong></span> 
     </span>
     <span class='ocr_line' id='line_1_20' title="bbox 187 2354 1137 2437; baseline 0.004 -22"><span class='ocrx_word' id='word_1_117' title='bbox 187 2355 271 2434; x_wconf 90' lang='lat' dir='ltr'><strong>priis</strong></span> <span class='ocrx_word' id='word_1_118' title='bbox 301 2355 472 2430; x_wconf 91' lang='lat' dir='ltr'><strong>manibus,</strong></span> <span class='ocrx_word' id='word_1_119' title='bbox 505 2361 543 2417; x_wconf 91' lang='lat' dir='ltr'><strong>ut</strong></span> <span class='ocrx_word' id='word_1_120' title='bbox 567 2355 763 2437; x_wconf 88' lang='lat' dir='ltr'><strong>exemplum</strong></span> <span class='ocrx_word' id='word_1_121' title='bbox 797 2354 895 2418; x_wconf 89' lang='lat' dir='ltr'><strong>daret</strong></span> <span class='ocrx_word' id='word_1_122' title='bbox 921 2355 1009 2429; x_wconf 91' lang='lat' dir='ltr'><strong>aliis,</strong></span> <span class='ocrx_word' id='word_1_123' title='bbox 1041 2355 1137 2419; x_wconf 91' lang='lat' dir='ltr'><strong>labo·</strong></span> 
     </span>
     <span class='ocr_line' id='line_1_21' title="bbox 186 2453 1139 2537; baseline 0.004 -23"><span class='ocrx_word' id='word_1_124' title='bbox 186 2454 303 2518; x_wconf 90' lang='lat' dir='ltr'><strong>raudo.</strong></span> <span class='ocrx_word' id='word_1_125' title='bbox 357 2453 443 2518; x_wconf 89' lang='lat' dir='ltr'><strong>Cum</strong></span> <span class='ocrx_word' id='word_1_126' title='bbox 473 2461 542 2518; x_wconf 90' lang='lat' dir='ltr'><strong>tres</strong></span> <span class='ocrx_word' id='word_1_127' title='bbox 573 2463 690 2537; x_wconf 90' lang='lat' dir='ltr'><strong>partes</strong></span> <span class='ocrx_word' id='word_1_128' title='bbox 721 2454 874 2519; x_wconf 87' lang='lat' dir='ltr'><strong>civitatis</strong></span> <span class='ocrx_word' id='word_1_129' title='bbox 898 2455 1078 2535; x_wconf 85' lang='lat' dir='ltr'><strong>diligentia</strong></span> <span class='ocrx_word' id='word_1_130' title='bbox 1104 2464 1139 2518; x_wconf 92' lang='lat' dir='ltr'><strong>et</strong></span> 
     </span>
     <span class='ocr_line' id='line_1_22' title="bbox 184 2554 1138 2637; baseline 0.005 -23"><span class='ocrx_word' id='word_1_131' title='bbox 184 2554 377 2637; x_wconf 85' lang='lat' dir='ltr'><strong>sumptibus</strong></span> <span class='ocrx_word' id='word_1_132' title='bbox 413 2554 505 2635; x_wconf 84' lang='lat' dir='ltr'><strong>regis</strong></span> <span class='ocrx_word' id='word_1_133' title='bbox 541 2554 682 2618; x_wconf 88' lang='lat' dir='ltr'><strong>Ricardi</strong></span> <span class='ocrx_word' id='word_1_134' title='bbox 725 2563 972 2618; x_wconf 70' lang='lat' dir='ltr'><strong>consummatas</strong></span> <span class='ocrx_word' id='word_1_135' title='bbox 1012 2563 1138 2632; x_wconf 86' lang='lat' dir='ltr'><strong>essent,</strong></span> 
     </span>
     <span class='ocr_line' id='line_1_23' title="bbox 185 2654 1139 2736; baseline 0.003 -20"><span class='ocrx_word' id='word_1_136' title='bbox 185 2655 330 2735; x_wconf 86' lang='lat' dir='ltr'><strong>contigit</strong></span> <span class='ocrx_word' id='word_1_137' title='bbox 347 2662 386 2718; x_wconf 91' lang='lat' dir='ltr'><strong>ut</strong></span> <span class='ocrx_word' id='word_1_138' title='bbox 409 2674 471 2736; x_wconf 93' lang='lat' dir='ltr'><strong>per</strong></span> <span class='ocrx_word' id='word_1_139' title='bbox 488 2656 695 2718; x_wconf 88' lang='lat' dir='ltr'><strong>domesticos</strong></span> <span class='ocrx_word' id='word_1_140' title='bbox 713 2654 868 2718; x_wconf 88' lang='lat' dir='ltr'><strong>Saladini</strong></span> <span class='ocrx_word' id='word_1_141' title='bbox 893 2654 986 2718; x_wconf 89' lang='lat' dir='ltr'><strong>mille</strong></span> <span class='ocrx_word' id='word_1_142' title='bbox 1001 2655 1139 2719; x_wconf 88' lang='lat' dir='ltr'><strong>ducenti</strong></span> 
     </span>
     <span class='ocr_line' id='line_1_24' title="bbox 186 2752 1138 2836; baseline 0.002 -20"><span class='ocrx_word' id='word_1_143' title='bbox 186 2752 372 2818; x_wconf 85' lang='lat' dir='ltr'><strong>Christiani</strong></span> <span class='ocrx_word' id='word_1_144' title='bbox 403 2755 532 2836; x_wconf 88' lang='lat' dir='ltr'><strong>captivi</strong></span> <span class='ocrx_word' id='word_1_145' title='bbox 562 2774 681 2818; x_wconf 88' lang='lat' dir='ltr'><strong>versus</strong></span> <span class='ocrx_word' id='word_1_146' title='bbox 710 2754 939 2836; x_wconf 87' lang='lat' dir='ltr'><strong>Babyloniam</strong></span> <span class='ocrx_word' id='word_1_147' title='bbox 973 2755 1138 2818; x_wconf 85' lang='lat' dir='ltr'><strong>duceren-</strong></span> 
     </span>
    </p>

    <p class='ocr_par' dir='ltr' id='par_1_10' title="bbox 185 2853 1138 3129">
     <span class='ocr_line' id='line_1_25' title="bbox 187 2853 1137 2936; baseline 0.003 -21"><span class='ocrx_word' id='word_1_148' title='bbox 187 2859 252 2917; x_wconf 88' lang='lat' dir='ltr'><strong>tur.</strong></span> <span class='ocrx_word' id='word_1_149' title='bbox 307 2853 455 2931; x_wconf 86' lang='lat' dir='ltr'><strong>Quibus,</strong></span> <span class='ocrx_word' id='word_1_150' title='bbox 478 2873 556 2917; x_wconf 93' lang='lat' dir='ltr'><strong>cum</strong></span> <span class='ocrx_word' id='word_1_151' title='bbox 586 2855 763 2917; x_wconf 90' lang='lat' dir='ltr'><strong>venissent</strong></span> <span class='ocrx_word' id='word_1_152' title='bbox 792 2854 836 2917; x_wconf 88' lang='lat' dir='ltr'><strong>ad</strong></span> <span class='ocrx_word' id='word_1_153' title='bbox 867 2862 1017 2918; x_wconf 87' lang='lat' dir='ltr'><strong>castrum</strong></span> <span class='ocrx_word' id='word_1_154' title='bbox 1046 2855 1137 2936; x_wconf 93' lang='lat' dir='ltr'><strong>quod</strong></span> 
     </span>
     <span class='ocr_line' id='line_1_26' title="bbox 186 2953 1138 3036; baseline 0.002 -20"><span class='ocrx_word' id='word_1_155' title='bbox 186 2953 319 3016; x_wconf 93' lang='lat' dir='ltr'><strong>Darum</strong></span> <span class='ocrx_word' id='word_1_156' title='bbox 350 2954 488 3028; x_wconf 91' lang='lat' dir='ltr'><strong>dicitur,</strong></span> <span class='ocrx_word' id='word_1_157' title='bbox 514 2955 714 3036; x_wconf 88' lang='lat' dir='ltr'><strong>supervenit</strong></span> <span class='ocrx_word' id='word_1_158' title='bbox 746 2973 823 3016; x_wconf 91' lang='lat' dir='ltr'><strong>cum</strong></span> <span class='ocrx_word' id='word_1_159' title='bbox 858 2974 964 3017; x_wconf 90' lang='lat' dir='ltr'><strong>manu</strong></span> <span class='ocrx_word' id='word_1_160' title='bbox 993 2954 1138 3018; x_wconf 92' lang='lat' dir='ltr'><strong>militum</strong></span> 
     </span>
     <span class='ocr_line' id='line_1_27' title="bbox 185 3052 1136 3129; baseline 0.004 -15"><span class='ocrx_word' id='word_1_161' title='bbox 185 3052 296 3116; x_wconf 89' lang='lat' dir='ltr'><strong>electa</strong></span> <span class='ocrx_word' id='word_1_162' title='bbox 314 3072 375 3115; x_wconf 83' lang='lat' dir='ltr'><strong>rex</strong></span> <span class='ocrx_word' id='word_1_163' title='bbox 393 3052 577 3129; x_wconf 87' lang='lat' dir='ltr'><strong>Ricardus‚</strong></span> <span class='ocrx_word' id='word_1_164' title='bbox 591 3062 626 3118; x_wconf 91' lang='lat' dir='ltr'><strong>et</strong></span> <span class='ocrx_word' id='word_1_165' title='bbox 644 3054 801 3116; x_wconf 86' lang='lat' dir='ltr'><strong>excussis</strong></span> <span class='ocrx_word' id='word_1_166' title='bbox 824 3052 866 3115; x_wconf 90' lang='lat' dir='ltr'><strong>de</strong></span> <span class='ocrx_word' id='word_1_167' title='bbox 883 3073 987 3117; x_wconf 91' lang='lat' dir='ltr'><strong>manu</strong></span> <span class='ocrx_word' id='word_1_168' title='bbox 1004 3054 1136 3118; x_wconf 88' lang='lat' dir='ltr'><strong>Turco·</strong></span> 
     </span>
    </p>

    <p class='ocr_par' dir='ltr' id='par_1_11' title="bbox 186 3150 1136 3236">
     <span class='ocr_line' id='line_1_28' title="bbox 186 3150 1136 3236; baseline 0.005 -23"><span class='ocrx_word' id='word_1_169' title='bbox 186 3172 262 3213; x_wconf 90' lang='lat' dir='ltr'><strong>rum</strong></span> <span class='ocrx_word' id='word_1_170' title='bbox 284 3152 444 3233; x_wconf 84' lang='lat' dir='ltr'><strong>captivis,</strong></span> <span class='ocrx_word' id='word_1_171' title='bbox 465 3151 599 3216; x_wconf 87' lang='lat' dir='ltr'><strong>Turcos</strong></span> <span class='ocrx_word' id='word_1_172' title='bbox 621 3150 793 3232; x_wconf 79' lang='lat' dir='ltr'><strong>fugientes</strong></span> <span class='ocrx_word' id='word_1_173' title='bbox 810 3152 1022 3233; x_wconf 87' lang='lat' dir='ltr'><strong>insequitur;</strong></span> <span class='ocrx_word' id='word_1_174' title='bbox 1050 3173 1136 3236; x_wconf 91' lang='lat' dir='ltr'><strong>quo·</strong></span> 
     </span>
    </p>

    <p class='ocr_par' dir='ltr' id='par_1_12' title="bbox 183 3244 1137 3434">
     <span class='ocr_line' id='line_1_29' title="bbox 187 3244 1137 3335; baseline 0.003 -22"><span class='ocrx_word' id='word_1_175' title='bbox 187 3271 259 3314; x_wconf 93' lang='lat' dir='ltr'><strong>rum</strong></span> <span class='ocrx_word' id='word_1_176' title='bbox 277 3250 432 3334; x_wconf 90' lang='lat' dir='ltr'><strong>plurimis</strong></span> <span class='ocrx_word' id='word_1_177' title='bbox 450 3250 584 3328; x_wconf 77' lang='lat' dir='ltr'><strong>occisiS,</strong></span> <span class='ocrx_word' id='word_1_178' title='bbox 599 3244 762 3331; x_wconf 81' lang='lat' dir='ltr'><strong>³triginta</strong></span> <span class='ocrx_word' id='word_1_179' title='bbox 777 3251 875 3314; x_wconf 84' lang='lat' dir='ltr'><strong>vivos</strong></span> <span class='ocrx_word' id='word_1_180' title='bbox 891 3251 934 3314; x_wconf 87' lang='lat' dir='ltr'><strong>de</strong></span> <span class='ocrx_word' id='word_1_181' title='bbox 949 3251 1137 3335; x_wconf 90' lang='lat' dir='ltr'><strong>majoribus</strong></span> 
     </span>
     <span class='ocr_line' id='line_1_30' title="bbox 183 3342 1049 3434; baseline -0.001 -19"><span class='ocrx_word' id='word_1_182' title='bbox 183 3349 443 3434; x_wconf 90' lang='lat' dir='ltr'><strong>comprehendit</strong></span> <span class='ocrx_word' id='word_1_183' title='bbox 456 3370 641 3434; x_wconf 90' lang='lat' dir='ltr'><strong>secumque</strong></span> <span class='ocrx_word' id='word_1_184' title='bbox 656 3349 863 3413; x_wconf 82' lang='lat' dir='ltr'><strong>Ascalonem</strong></span> <span class='ocrx_word' id='word_1_185' title='bbox 879 3342 1049 3414; x_wconf 71' lang='lat' dir='ltr'><strong>*adduxit</strong></span> 
     </span>
    </p>

    <p class='ocr_par' dir='ltr' id='par_1_13' title="bbox 235 3448 1242 3532">
     <span class='ocr_line' id='line_1_31' title="bbox 235 3448 1242 3532; baseline -0.005 -18"><span class='ocrx_word' id='word_1_186' title='bbox 235 3451 328 3514; x_wconf 91' lang='lat' dir='ltr'><strong>Dum</strong></span> <span class='ocrx_word' id='word_1_187' title='bbox 354 3457 470 3514; x_wconf 88' lang='lat' dir='ltr'><strong>autem</strong></span> <span class='ocrx_word' id='word_1_188' title='bbox 494 3471 555 3513; x_wconf 86' lang='lat' dir='ltr'><strong>rex</strong></span> <span class='ocrx_word' id='word_1_189' title='bbox 583 3450 728 3513; x_wconf 89' lang='lat' dir='ltr'><strong>residuae</strong></span> <span class='ocrx_word' id='word_1_190' title='bbox 755 3450 846 3532; x_wconf 90' lang='lat' dir='ltr'><strong>parti</strong></span> <span class='ocrx_word' id='word_1_191' title='bbox 870 3468 1044 3513; x_wconf 90' lang='lat' dir='ltr'><strong>murorum</strong></span> <span class='ocrx_word' id='word_1_192' title='bbox 1070 3448 1138 3515; x_wconf 82' lang='lat' dir='ltr'><strong>As·</strong></span> <span class='ocrx_word' id='word_1_193' title='bbox 1151 3470 1242 3510; x_wconf 66' lang='lat' dir='ltr'><strong>sunna</strong></span> 
     </span>
    </p>

    <p class='ocr_par' dir='ltr' id='par_1_14' title="bbox 183 3521 1275 3833">
     <span class='ocr_line' id='line_1_32' title="bbox 183 3521 1275 3634; baseline -0.005 -19"><span class='ocrx_word' id='word_1_194' title='bbox 183 3551 314 3615; x_wconf 91' lang='lat' dir='ltr'><strong>calonis</strong></span> <span class='ocrx_word' id='word_1_195' title='bbox 362 3550 445 3614; x_wconf 90' lang='lat' dir='ltr'><strong>totis</strong></span> <span class='ocrx_word' id='word_1_196' title='bbox 487 3551 617 3614; x_wconf 87' lang='lat' dir='ltr'><strong>viribus</strong></span> <span class='ocrx_word' id='word_1_197' title='bbox 652 3549 856 3626; x_wconf 91' lang='lat' dir='ltr'><strong>intenderet,</strong></span> <span class='ocrx_word' id='word_1_198' title='bbox 896 3545 1136 3634; x_wconf 88' lang='lat' dir='ltr'><strong>stipendiaque</strong></span> <span class='ocrx_word' id='word_1_199' title='bbox 1150 3521 1275 3619; x_wconf 58' lang='lat' dir='ltr'><strong>ll&#39;i&#39;l&#39;gdm</strong></span> 
     </span>
     <span class='ocr_line' id='line_1_33' title="bbox 186 3622 1267 3734; baseline 0.001 -19"><span class='ocrx_word' id='word_1_200' title='bbox 186 3652 329 3716; x_wconf 89' lang='lat' dir='ltr'><strong>Francis</strong></span> <span class='ocrx_word' id='word_1_201' title='bbox 358 3651 531 3726; x_wconf 87' lang='lat' dir='ltr'><strong>deessent,</strong></span> <span class='ocrx_word' id='word_1_202' title='bbox 563 3650 636 3714; x_wconf 83' lang='lat' dir='ltr'><strong>dux</strong></span> <span class='ocrx_word' id='word_1_203' title='bbox 674 3649 901 3731; x_wconf 86' lang='lat' dir='ltr'><strong>Burgundiae,</strong></span> <span class='ocrx_word' id='word_1_204' title='bbox 931 3671 1033 3734; x_wconf 89' lang='lat' dir='ltr'><strong>quem</strong></span> <span class='ocrx_word' id='word_1_205' title='bbox 1074 3672 1135 3716; x_wconf 90' lang='lat' dir='ltr'><strong>rex</strong></span> <span class='ocrx_word' id='word_1_206' title='bbox 1150 3622 1267 3661; x_wconf 56' lang='lat' dir='ltr'><strong>“mmm</strong></span> 
     </span>
     <span class='ocr_line' id='line_1_34' title="bbox 187 3750 1137 3833; baseline 0 -18"><span class='ocrx_word' id='word_1_207' title='bbox 187 3752 398 3816; x_wconf 88' lang='lat' dir='ltr'><strong>Francorum</strong></span> <span class='ocrx_word' id='word_1_208' title='bbox 431 3750 650 3831; x_wconf 88' lang='lat' dir='ltr'><strong>capitaneum</strong></span> <span class='ocrx_word' id='word_1_209' title='bbox 691 3769 831 3813; x_wconf 88' lang='lat' dir='ltr'><strong>suorum</strong></span> <span class='ocrx_word' id='word_1_210' title='bbox 872 3750 1069 3833; x_wconf 86' lang='lat' dir='ltr'><strong>reliquerat,</strong></span> <span class='ocrx_word' id='word_1_211' title='bbox 1115 3772 1137 3815; x_wconf 89' lang='lat' dir='ltr'><strong>a</strong></span> 
     </span>
    </p>

    <p class='ocr_par' dir='ltr' id='par_1_15' title="bbox 184 3850 1136 3934">
     <span class='ocr_line' id='line_1_35' title="bbox 184 3850 1136 3934; baseline -0.001 -20"><span class='ocrx_word' id='word_1_212' title='bbox 184 3872 264 3934; x_wconf 90' lang='lat' dir='ltr'><strong>rege</strong></span> <span class='ocrx_word' id='word_1_213' title='bbox 289 3850 440 3915; x_wconf 89' lang='lat' dir='ltr'><strong>Ricardo</strong></span> <span class='ocrx_word' id='word_1_214' title='bbox 467 3850 646 3932; x_wconf 90' lang='lat' dir='ltr'><strong>pecuniam</strong></span> <span class='ocrx_word' id='word_1_215' title='bbox 673 3858 793 3914; x_wconf 91' lang='lat' dir='ltr'><strong>mutuo</strong></span> <span class='ocrx_word' id='word_1_216' title='bbox 816 3851 883 3914; x_wconf 90' lang='lat' dir='ltr'><strong>sibi</strong></span> <span class='ocrx_word' id='word_1_217' title='bbox 911 3851 1053 3914; x_wconf 89' lang='lat' dir='ltr'><strong>concedi</strong></span> <span class='ocrx_word' id='word_1_218' title='bbox 1077 3870 1136 3932; x_wconf 86' lang='lat' dir='ltr'><strong>pe·</strong></span> 
     </span>
    </p>
   </div>
   <div class='ocr_carea' id='block_1_3' title="bbox 185 3949 1137 4038">
    <p class='ocr_par' dir='ltr' id='par_1_16' title="bbox 185 3949 1137 4038">
     <span class='ocr_line' id='line_1_36' title="bbox 185 3949 1137 4038; baseline -0.005 -23"><span class='ocrx_word' id='word_1_219' title='bbox 185 3952 273 4015; x_wconf 89' lang='lat' dir='ltr'><strong>tivit.</strong></span> <span class='ocrx_word' id='word_1_220' title='bbox 327 3951 392 4015; x_wconf 87' lang='lat' dir='ltr'><strong>Cui</strong></span> <span class='ocrx_word' id='word_1_221' title='bbox 414 3970 491 4013; x_wconf 91' lang='lat' dir='ltr'><strong>cum</strong></span> <span class='ocrx_word' id='word_1_222' title='bbox 515 3970 578 4015; x_wconf 83' lang='lat' dir='ltr'><strong>rex</strong></span> <span class='ocrx_word' id='word_1_223' title='bbox 601 3949 778 4038; x_wconf 86' lang='lat' dir='ltr'><strong>Ricardus</strong></span> <span class='ocrx_word' id='word_1_224' title='bbox 799 3970 868 4013; x_wconf 90' lang='lat' dir='ltr'><strong>non</strong></span> <span class='ocrx_word' id='word_1_225' title='bbox 896 3958 1076 4023; x_wconf 90' lang='lat' dir='ltr'><strong>annueret,</strong></span> <span class='ocrx_word' id='word_1_226' title='bbox 1096 3968 1137 4011; x_wconf 92' lang='lat' dir='ltr'><strong>eo</strong></span> 
     </span>
    </p>
   </div>
   <div class='ocr_carea' id='block_1_4' title="bbox 190 4068 886 4079">
    <p class='ocr_par' dir='ltr' id='par_1_17' title="bbox 190 4068 886 4079">
     <span class='ocr_line' id='line_1_37' title="bbox 190 4068 886 4079; baseline -0.006 -1"><span class='ocrx_word' id='word_1_227' title='bbox 190 4071 345 4079; x_wconf 43' lang='grc' dir='ltr'><strong>..-ᾳ-ω.</strong></span> <span class='ocrx_word' id='word_1_228' title='bbox 633 4068 817 4079; x_wconf 74' lang='grc'><strong>-----</strong></span> <span class='ocrx_word' id='word_1_229' title='bbox 827 4068 886 4075; x_wconf 80' lang='grc'><em>...-</em></span> 
     </span>
    </p>
   </div>
   <div class='ocr_carea' id='block_1_5' title="bbox 218 4123 961 4259">
    <p class='ocr_par' dir='ltr' id='par_1_18' title="bbox 218 4123 961 4259">
     <span class='ocr_line' id='line_1_38' title="bbox 220 4123 961 4189; baseline -0.03 2"><span class='ocrx_word' id='word_1_230' title='bbox 220 4127 226 4156; x_wconf 79' lang='lat'><em>¹</em></span> <span class='ocrx_word' id='word_1_231' title='bbox 244 4128 364 4189; x_wconf 58' lang='lat' dir='ltr'><strong>‘dimili‘</strong></span> <span class='ocrx_word' id='word_1_232' title='bbox 375 4143 435 4176; x_wconf 71' lang='lat' dir='ltr'><strong>⁸¹¹0ss</strong></span> <span class='ocrx_word' id='word_1_233' title='bbox 444 4125 460 4183; x_wconf 64' lang='grc' dir='ltr'><strong>ς’</strong></span> <span class='ocrx_word' id='word_1_234' title='bbox 474 4129 511 4178; x_wconf 82' lang='grc' dir='ltr'><strong>Μ.</strong></span> <span class='ocrx_word' id='word_1_235' title='bbox 710 4125 721 4157; x_wconf 80' lang='lat'><strong>³</strong></span> <span class='ocrx_word' id='word_1_236' title='bbox 737 4127 789 4173; x_wconf 79' lang='lat' dir='ltr'><strong>‘xx</strong></span> <span class='ocrx_word' id='word_1_237' title='bbox 798 4123 814 4184; x_wconf 67' lang='grc' dir='ltr'><strong>ς’</strong></span> <span class='ocrx_word' id='word_1_238' title='bbox 828 4125 866 4174; x_wconf 87' lang='grc' dir='ltr'><strong>Μ.</strong></span> <span class='ocrx_word' id='word_1_239' title='bbox 878 4128 902 4171; x_wconf 86' lang='lat' dir='ltr'><strong>et</strong></span> <span class='ocrx_word' id='word_1_240' title='bbox 916 4123 961 4171; x_wconf 74' lang='lat' dir='ltr'><strong>Ar.</strong></span> 
     </span>
     <span class='ocr_line' id='line_1_39' title="bbox 218 4189 944 4259; baseline -0.017 -6"><span class='ocrx_word' id='word_1_241' title='bbox 218 4194 229 4225; x_wconf 74' lang='lat'>²</span> <span class='ocrx_word' id='word_1_242' title='bbox 244 4200 252 4226; x_wconf 84' lang='lat'>‘</span> <span class='ocrx_word' id='word_1_243' title='bbox 265 4196 431 4259; x_wconf 70' lang='lat' dir='ltr'><strong>Cunlpagulae</strong></span> <span class='ocrx_word' id='word_1_244' title='bbox 440 4192 456 4257; x_wconf 79' lang='lat'><strong>3’</strong></span> <span class='ocrx_word' id='word_1_245' title='bbox 468 4193 536 4247; x_wconf 66' lang='grc' dir='ltr'><strong>ΠΛ.</strong></span> <span class='ocrx_word' id='word_1_246' title='bbox 710 4194 721 4226; x_wconf 84' lang='lat'>⁴</span> <span class='ocrx_word' id='word_1_247' title='bbox 738 4195 862 4243; x_wconf 78' lang='lat' dir='ltr'><strong>‘deduxit</strong></span> <span class='ocrx_word' id='word_1_248' title='bbox 872 4189 886 4253; x_wconf 89' lang='lat'><strong>;&#39;</strong></span> <span class='ocrx_word' id='word_1_249' title='bbox 898 4191 944 4241; x_wconf 75' lang='lat' dir='ltr'><strong>Ar.</strong></span> 
     </span>
    </p>
   </div>
   <div class='ocr_carea' id='block_1_6' title="bbox 0 0 1474 4950">
    <p class='ocr_par' dir='ltr' id='par_1_19' title="bbox 0 0 1474 4950">
     <span class='ocr_line' id='line_1_40' title="bbox 0 0 1474 4950; baseline 0 3"><span class='ocrx_word' id='word_1_250' title='bbox 0 0 1474 4950; x_wconf 95' lang='lat' dir='ltr'><strong> </strong></span> 
     </span>
    </p>
   </div>
  </div>
 </body>
</html>
