2940 4950
339 446 404 511 144
698 458 773 507 mc.
796 458 945 505 rutrum

337 638 415 682 cum
451 618 639 682 commixta
676 626 779 698 gente
811 618 960 681 diversa.
1013 616 1161 683 Irruunt
1197 618 1309 685 Ture-i

243 720 248 731 “
337 719 487 783 clamore
517 716 698 791 horrendo,
730 719 773 783 ad
803 737 951 800 quorum
980 717 1134 801 impetus
1166 722 1305 804 excipi-

336 818 443 881 endos
476 816 666 881 Christiani
698 817 826 881 milites
851 837 891 881 se
921 819 1105 901 aptabant,
1133 818 1300 884 dextrum

335 937 427 999 genu
440 916 514 980 solo
525 917 683 997 figentes,
695 918 890 999 pedumque
908 917 1111 982 dextrorum
1130 920 1303 985 articulos

335 1016 521 1098 affigebant
544 1017 579 1079 in
602 1026 716 1091 terra;
744 1016 850 1101 pedes
868 1036 951 1081 vero
972 1016 1134 1082 sinistros
1156 1019 1300 1086 sinuato

336 1116 467 1199 poplite
489 1116 680 1180 habebant:
708 1136 832 1181 manus
857 1116 1008 1182 sinistras
1036 1118 1208 1183 tenebant
1231 1120 1300 1203 cly-

336 1235 433 1298 peos,
455 1217 587 1280 dextrae
609 1217 761 1293 lanceaS,
788 1235 935 1299 quarum
957 1216 1074 1299 capita
1102 1220 1302 1299 posteriora

337 1318 371 1378 in
390 1324 483 1382 terra
498 1315 715 1397 figebantur3
739 1317 915 1380 anteriora
929 1336 1025 1392 vcro,
1050 1336 1131 1380 cum
1152 1320 1300 1402 cuspide

337 1416 477 1493 serrata,
511 1415 718 1479 adversariis
749 1416 960 1479 irruentibus
989 1418 1154 1498 opposita
1186 1412 1301 1483 ¹tene-

338 1517 431 1579 bant.
494 1515 575 1579 Rex
606 1517 696 1579 inter
727 1516 901 1598 quoslibet
936 1515 1024 1579 duos
1058 1518 1110 1580 sic
1142 1526 1299 1601 aptatos,

337 1614 423 1679 duos
449 1616 573 1680 statuit
597 1616 806 1690 balistarios
835 1635 984 1698 quorum
1010 1617 1115 1679 uuius
1145 1616 1297 1684 officium

337 1723 412 1778 erat
427 1716 599 1791 tendendi,
614 1715 756 1779 alterius
769 1716 903 1799 jugiter
920 1717 992 1798 pila
1002 1715 1154 1799 jaciendi
1169 1738 1180 1797 ;
1205 1720 1297 1803 quod

338 1834 405 1877 non
429 1814 598 1877 modicum
624 1816 741 1880 nocuit
758 1815 927 1891 hostibus
946 1823 982 1879 ct
1002 1816 1190 1898 plurimum
1219 1840 1298 1904 pro-

339 1913 402 1976 suit
431 1913 646 1977 Christianis.
700 1914 850 1979 Hostilis
873 1916 1048 1979 exercitus
1079 1936 1142 1998 per
1164 1927 1299 2003 septem

339 2021 412 2077 crat
433 2014 611 2077 ordinatus
634 2014 726 2078 acies
752 2024 787 2080 et
805 2024 948 2090 turmas,
966 2033 1115 2097 quarum
1133 2020 1298 2099 quaelibet

339 2115 436 2195 qnasi
460 2115 608 2178 millenis
628 2118 812 2179 constabat
834 2114 1019 2197 equitibus.
1066 2115 1206 2181 Harum
1229 2120 1298 2202 pri-

339 2234 396 2277 ma
423 2214 589 2278 militibus
617 2214 824 2278 Christianis
853 2214 1019 2297 praedicto
1047 2216 1152 2281 modo
1182 2218 1298 2303 dispo

340 2315 416 2378 sitis
443 2308 684 2396 ²appropians,
704 2334 782 2377 cum
798 2315 873 2398 jam
897 2316 1092 2379 immineret
1119 2317 1299 2395 irruitura,

340 2415 423 2495 quia
446 2414 661 2477 Christianos
680 2415 828 2478 attendit
849 2415 1054 2492 immobilesr,
1076 2417 1195 2481 subito
1217 2421 1301 2483 resi·

341 2514 427 2576 lions
459 2515 599 2577 divertit
633 2516 676 2577 ab
707 2515 756 2577 eis
790 2515 825 2577 in
856 2522 1012 2596 partcm3
1043 2516 1165 2579 codem
1196 2520 1298 2583 modo

341 2614 492 2677 secunda
510 2616 613 2689 acieS,
633 2622 667 2676 et
684 2616 799 2690 tertia,
822 2615 1033 2697 reliquaeque
1057 2616 1160 2680 modo
1182 2619 1299 2695 simili,

344 2734 420 2777 cum
432 2714 506 2797 jam
528 2715 682 2778 corninus
700 2715 899 2778 viderentur
920 2714 1143 2797 praeliaturae,
1159 2728 1302 2783 versuta

344 2814 532 2878 calliditate
561 2816 595 2877 in
623 2822 756 2895 partem
784 2814 927 2878 alteram
956 2815 1058 2878 llexis
1084 2816 1170 2880 loris
1192 2838 1300 2901 equos

345 2915 488 2978 celerius
520 2908 758 2996 ³rcgyrabant.
824 2913 926 2992 Quod
959 2934 1036 2979 cum
1070 2936 1134 2980 rex
1169 2917 1299 2983 diutius

345 3007 607 3096 ⁴perspcxissct,
639 3034 706 3077 non
734 3015 910 3078 mstimans
938 3034 998 3078 eos
1026 3014 1119 3079 aliud
1147 3026 1300 3095 acturos,

346 3135 422 3178 cum
448 3115 501 3177 his
527 3115 586 3196 qui
609 3134 715 3197 equos
740 3114 922 3191 habebant,
946 3114 1095 3179 subditis
1119 3136 1213 3200 equo
1231 3119 1300 3183 cal·

346 3217 493 3290 caribus,
519 3214 675 3278 demissis
706 3215 835 3278 lanceis
865 3215 1101 3279 vehementius
1130 3220 1300 3299 agebatur

346 3315 381 3379 in
400 3317 534 3379 turbam
552 3315 701 3378 hostium
720 3315 935 3394 densiorem;
962 3310 1206 3401 ⁵c0nscrt0que
1224 3338 1298 3401 gra-

347 3417 486 3480 vissimo
516 3415 646 3498 paulic,
682 3436 743 3478 rex
777 3416 935 3478 comitem
969 3415 1181 3495 Leicestrr'ae,
1212 3440 1300 3502 equo

346 3517 528 3601 dejectum,
561 3516 763 3579 defensurus
796 3516 937 3579 advenit
965 3516 1080 3589 citius,
1108 3510 1228 3603 ⁶eique
1256 3518 1297 3583 ad

345 3617 574 3681 scandendum
595 3636 721 3698 equum
743 3615 945 3697 obsequium
970 3617 1154 3697 praestitit3
1179 3618 1298 3683 videus

346 3718 449 3781 ctiam
465 3717 687 3799 Radulphum
705 3716 747 3778 de
766 3715 997 3779 Malo-Leone
1014 3716 1193 3798 captivum
1211 3719 1299 3782 trabi

346 3819 390 3882 ab
410 3819 578 3893 hostibus,
598 3817 742 3880 celerius
763 3816 924 3893 accurrit,
941 3825 977 3880 et
991 3836 1013 3880 a
1035 3816 1194 3882 manibus
1211 3818 1300 3882 Tur·

345 3939 462 3982 corum
498 3924 651 3999 ereptum
688 3938 765 3979 eum
804 3916 958 3980 restituit
992 3917 1058 3979 sibi
1089 3917 1168 3999 ipsi.
1222 3918 1299 3983 Rex

381 4073 386 4102 ¹
406 4071 598 4134 ‘tenebuntnrJ’
611 4071 647 4119 lt.
656 4075 680 4119 et
690 4071 735 4118 Ar.
871 4065 881 4095 ⁴
897 4068 1088 4130 ‘prospexisset
1096 4070 1114 4127 ς’
1125 4070 1164 4119 Μ.

380 4139 391 4171 ²
408 4143 590 4203 ‘approprians
600 4135 614 4199 ς’
632 4142 666 4189 ull
679 4141 720 4189 the
732 4141 807 4189 MSS.
871 4138 882 4167 ⁸
898 4142 1082 4201 ‘concretaque
1094 4139 1112 4199 ;'
1126 4139 1173 4189 Ar.

345 4228 473 4275 mutim,
485 4228 510 4260 ¹1·
522 4218 544 4269 ¹,
556 4227 580 4272 lt·
595 4216 651 4260 ¹42·
870 4208 882 4239 ⁶
900 4205 1162 4259 llall’semcntlatiou.
1200 4210 1242 4259 All
1258 4210 1300 4261 the

379 4280 390 4313 ⁸
406 4284 561 4345 ‘regnabant
570 4282 586 4343 ς’
598 4283 635 4332 Μ.
646 4286 671 4331 et
682 4282 729 4329 Ar.
823 4332 824 4337 ,
838 4281 911 4330 MSS.
923 4280 989 4329 have
999 4282 1007 4308 ‘
1017 4280 1115 4343 atque.'
