2940 4950
763 453 835 501 Nlo.
853 454 1001 500 vulvum

425 642 450 677 l).
464 639 489 677 Ι.
500 639 520 675 Ι.
532 639 556 675 0.
648 638 671 674 Ρ.
684 638 845 674 ΙίΟΜΛΝΟΙΙΰΜ
860 638 885 674 a.
992 636 1146 674 FRANOORU!
1196 636 1344 674 nol-0811!

437 725 540 763 ucxnv.
601 723 736 760 culmini
748 725 776 760 ιι.
799 724 909 761 eonnlor
922 725 952 762 ιι.
982 723 1160 761 tonovrurvu.
1205 725 1336 763 aarum

1063 783 1088 830 7.
1256 786 1286 831 9.

241 948 354 990 coeranne
362 947 392 986 11·
471 931 711 995 Cmcnsvnvns
745 949 849 1012 papa,
888 950 965 993 cnm
999 930 1146 994 sedisset
1183 932 1368 995 mensibus

240 997 381 1090 iiim
407 1033 571 1114 quinque,
588 1030 708 1093 diebus
726 1046 821 1106 xnn,
837 1031 934 1108 obiit,
951 1036 987 1093 et
1008 1030 1043 1092 in
1064 1029 1293 1094 Laterauensi
1309 1050 1367 1095 ec-

243 1163 322 1203 suero
331 1161 362 1202 11.
407 1132 514 1196 clesia
529 1130 685 1212 sepultus
696 1137 760 1204 est,
772 1129 828 1192 cui
846 1129 975 1193 Lucius
990 1128 1161 1193 secundus
1179 1131 1366 1195 successit.

244 1213 350 1253 'um'
409 1232 480 1295 Hic
510 1229 649 1293 natione
681 1228 921 1306 Bononiensis,
954 1248 1032 1292 cnm
1061 1236 1152 1292 esset
1178 1230 1368 1312 presbyter

407 1330 591 1396 cardinalis
603 1327 694 1392 tituli
711 1328 849 1392 Sanctae
863 1328 995 1404 Crucis,
1016 1335 1124 1392 totam
1140 1328 1236 1392 illam
1247 1329 1367 1394 eccle·

407 1433 493 1495 siam
507 1428 686 1495 renovavit
704 1447 725 1492 a
739 1427 857 1492 fundo.

458 1530 654 1613 Stephanus
675 1547 737 1591 rex
752 1535 902 1591 castrum
920 1525 1121 1603 Liucolnise,
1135 1525 1228 1608 quod
1243 1546 1368 1592 comes

409 1629 553 1693 Cestriae
572 1628 693 1702 tenuit,
715 1627 865 1690 secundo
883 1625 1036 1704 obsedit3
1061 1625 1120 1689 nbi
1141 1624 1222 1689 dum
1245 1628 1368 1692 muni-

409 1728 536 1793 tionem
552 1733 756 1802 exstrueret,
773 1727 939 1809 operariis
954 1726 1069 1789 subita
1083 1725 1233 1790 hostium
1247 1725 1368 1811 irrup-

409 1828 503 1891 tione
535 1821 753 1909 ¹profligatis,
785 1846 848 1890 rex
880 1826 955 1908 ipse
987 1825 1151 1888 contusus
1179 1826 1365 1892 abscessit.

409 1925 515 2009 Apud
535 1925 734 1989 Norwicnm
756 1926 959 1989 immensum
980 1931 1213 2006 perpetratum
1237 1932 1293 1989 est
1312 1926 1367 1991 fa-

409 2025 507 2090 cinus
534 2043 555 2088 a
582 2024 728 2101 Jndaeis,
753 2025 813 2107 qui
837 2025 872 2088 in
901 2025 1123 2107 opprobrium
1150 2022 1366 2090 Christianae

411 2125 502 2202 fidei,
526 2131 561 2188 et
583 2125 775 2188 Salvatoris
797 2125 906 2189 nostri
930 2123 1190 2207 blasphemiam,
1212 2142 1365 2207 puerum

409 2224 588 2308 cujusdam
616 2223 797 2301 Catholici,
831 2224 971 2287 immani
1000 2222 1215 2301 crudelitate,
1246 2225 1365 2290 crucis

248 2341 318 2381 aas
354 2341 380 2381 n
409 2324 593 2389 affixerunt
622 2324 789 2408 patibulo.
850 2322 1028 2387 Galfridns
1058 2323 1101 2387 de
1129 2322 1365 2405 Magnavills,

245 2391 359 2481 illibi
407 2424 442 2487 in
475 2426 653 2488 obsidione
686 2424 793 2487 castri
820 2423 967 2500 hostilis,
1000 2443 1021 2486 a
1050 2422 1200 2506 quodum
1229 2416 1366 2505 ²pedite

408 2522 538 2603 sagitta
571 2542 754 2605 percussus
786 2524 821 2587 in
852 2524 978 2606 capite,
1008 2530 1088 2605 post
1120 2522 1194 2587 dies
1227 2520 1366 2606 aliquot

408 2621 612 2702 exspiravit.
693 2622 821 2685 Similis
859 2623 1018 2687 factionis
1052 2621 1154 2686 homo
1184 2621 1366 2689 Robertus

410 2720 608 2802 Marmyun,
630 2719 771 2785 invasor
792 2723 990 2787 monasterii
1011 2721 1282 2787 conventrensis
1301 2742 1366 2788 ex-

409 2819 514 2882 elusis
525 2820 711 2900 monachis,
723 2841 799 2885 cnm
819 2829 940 2885 contra
955 2820 1171 2886 Gestrensem
1187 2822 1366 2901 comitem,

410 2937 488 2981 cnm
517 2920 715 3000 ingentibus
744 2919 852 3002 copiis
878 2921 1134 2998 adventantem,
1169 2923 1364 2987 exercitum

410 3028 579 3099 parasset,
617 3021 651 3082 in
683 3012 947 3103 ³prospectuqne
986 3020 1136 3084 omnium
1176 3029 1366 3103 spumante

410 3117 594 3182 veheretur
617 3120 652 3181 in
679 3138 768 3201 equo
794 3126 914 3183 contra
940 3119 1068 3198 hostes,
1087 3121 1122 3183 in
1149 3120 1286 3184 foveam
1312 3122 1366 3186 in-

410 3215 505 3292 cidit,
518 3224 553 3282 et
569 3218 647 3282 dum
665 3218 774 3282 fracto
788 3219 915 3282 semore
935 3239 1109 3301 emergere
1129 3239 1196 3283 non
1215 3219 1363 3300 valeret,

409 3318 593 3399 aquodam
619 3319 727 3400 partis
750 3318 903 3381 adversae
930 3319 1079 3383 satellite
1102 3319 1216 3401 capite
1235 3320 1364 3403 plexus

407 3417 528 3500 praelio
544 3418 644 3481 finem
662 3418 766 3482 dedit.

460 3516 539 3579 Rex
558 3517 767 3579 Francorum
784 3518 942 3582 comitem
957 3518 1157 3603 Campaniae
1170 3519 1212 3584 ad
1226 3538 1363 3603 pacem,

408 3614 580 3678 mediante
596 3615 775 3679 Bernardo
798 3616 1045 3682 Clarevallensi
1065 3620 1203 3696 abbate,
1218 3620 1364 3704 recepit.

251 3736 363 3834 33:330:
410 3710 558 3789 Quidam
578 3714 723 3777 Italicus
743 3713 919 3781 Arnaldns
939 3718 981 3781 de
1001 3719 1133 3795 Brixia,
1150 3719 1363 3785 artissimam

249 3844 386 3885 ,mmm
411 3811 518 3875 vitam
534 3811 675 3889 ducens,
692 3815 819 3880 multos
842 3817 1005 3898 pestifera
1021 3818 1178 3883 doctrina
1192 3819 1338 3884 seduxit
1352 3839 1362 3898 3

411 3910 483 3993 qui,
499 3911 579 3974 dum
603 3912 725 3977 Romae
749 3915 949 3980 clericorum
974 3918 1112 3982 divitias
1127 3925 1162 3982 et
1176 3919 1366 4000 superflui·

445 4099 509 4150 ¹All
527 4103 568 4152 the
584 4108 753 4167 manuscripts
764 4107 828 4157 have
845 4109 870 4156 in
896 4124 936 4157 vve
962 4109 1026 4159 have
1052 4110 1150 4159 altered
1177 4109 1220 4158 the
1247 4115 1305 4160 text
1334 4127 1366 4163 us

408 4172 460 4221 this
471 4174 544 4234 place
556 4176 563 4201 ‘
573 4175 735 4236 praefocatis,'
748 4179 870 4238 implying
896 4180 984 4228 above.

408 4244 416 4270 ‘
429 4239 542 4292 choked'
554 4259 582 4292 or
592 4251 600 4273 ⁶
611 4246 739 4307 strangled
749 4243 765 4305 ;’
777 4249 831 4307 but,
840 4262 868 4296 ns
930 4246 954 4278 ²⁴
962 4250 1046 4310 pedite
1053 4249 1184 4312 sagittario
1193 4246 1313 4313 sagitta?
1322 4253 1364 4304 Μ.

409 4310 451 4360 the
468 4328 541 4363 sense
554 4315 640 4364 would
656 4316 687 4365 be
707 4317 868 4378 tar-tetched,
931 4316 1104 4380 ⁸‘conspectu
1115 4314 1130 4381 ;’
1143 4320 1181 4368 M.
1193 4323 1219 4369 et
1230 4318 1279 4370 Ar.
