2940 4950
568 435 752 485 annasse.
803 489 805 492 ,
1094 416 1138 482 87

235 592 358 655 Mense
381 589 541 672 Augusto
566 585 757 658 ¹Henricus
780 590 973 674 Anglorum
998 612 1060 656 rex
1083 612 1136 656 se·
1149 608 1216 698 ἔξω·

185 692 273 768 nior,
301 711 377 755 cum
403 689 563 754 Gaisrido
589 691 661 755 filio
694 693 781 756 duce
814 692 1073 769 Britannorum,
1101 693 1137 756 iu
1150 667 1275 799 ἱῑὲἒέῗυᾱ

187 791 435 855 Normanniam
449 791 701 869 transfretavit3
727 791 783 855 uhi
800 791 1059 856 occurrentibus
1071 793 1137 856 sibi
1216 785 1222 797 '

188 891 268 953 filiis
287 889 442 953 Henrico
460 909 541 971 rege
559 889 699 973 juniore
716 898 752 954 et
769 890 921 955 Ricardo
938 890 1137 974 Aquitania>

186 989 285 1065 duce,
303 988 522 1071 progreditur
536 1008 605 1053 una
621 1008 698 1053 cum
721 990 771 1053 eis
790 990 834 1053 ad
852 987 991 1054 Vadum
1016 991 1051 1054 S.
1068 991 1139 1056 Re-

186 1089 294 1169 migii.
341 1088 463 1170 Ibique
485 1107 564 1151 cum
586 1107 667 1170 rege
691 1088 904 1153 Francorum
926 1089 1062 1154 locutus
1085 1098 1139 1154 est

187 1206 329 1270 eaquae
351 1187 395 1251 ad
419 1205 537 1269 pacem
560 1194 655 1264 suut,
674 1196 710 1252 et
728 1188 770 1251 de
789 1188 1006 1270 susceptione
1028 1190 1139 1253 crucis

188 1288 222 1350 in
241 1287 416 1369 obsequiis
430 1285 454 1350 J
457 1301 524 1350 asu
540 1284 710 1353 Chals‘rl.
748 1287 836 1350 Inde
848 1306 930 1350 vero
945 1288 1038 1351 misit
1054 1286 1139 1351 Gal·

188 1386 324 1461 iridum,
341 1386 463 1450 ducem
476 1385 678 1463 Britannia,
692 1386 735 1450 ad
754 1385 1024 1469 expugnandum
1040 1379 1141 1450 'Gui-

188 1485 311 1550 donem
339 1484 565 1562 Leonensem,
591 1486 651 1567 qui
677 1493 801 1569 postea
824 1486 920 1549 venit
941 1485 983 1549 ad
1012 1506 1138 1568 regem,

189 1605 227 1649 se
244 1583 397 1669 ejusdem
411 1585 447 1648 in
459 1585 617 1648 omnibus
632 1586 818 1670 subjiciens
833 1584 1017 1650 voluntati.
1053 1585 1139 1649 Per·

187 1704 273 1767 gens
290 1691 405 1749 autem
424 1702 488 1747 rex
510 1685 545 1748 in
568 1703 695 1766 pagum
719 1685 983 1762 Bituricensem,
1005 1685 1140 1767 accepit

188 1784 223 1848 in
258 1803 362 1848 manu
392 1803 457 1847 sua
486 1791 637 1848 castrum
674 1784 851 1868 Radulphi
885 1785 928 1849 de
955 1784 1068 1862 Dolis,
1104 1792 1140 1848 et

189 1883 293 1947 filiam
316 1883 392 1968 ejus
416 1879 552 1947 unicam
575 1902 653 1947 cum
675 1884 865 1950 hereditate
888 1892 975 1962 tota,
996 1886 1078 1966 quia
1095 1882 1139 1947 ad

190 2002 290 2045 suum
308 1982 444 2045 feodum
465 1983 671 2064 pertinebat.
724 1982 951 2047 Isoldunense
965 2002 1047 2047 vero
1065 2001 1141 2046 cas-

190 2089 281 2144 trum
302 2099 323 2143 a
344 2080 542 2157 baronibus,
563 2100 709 2162 qnorum
726 2082 892 2145 custodiae
908 2089 983 2144 erat
996 2082 1142 2164 deputa·

193 2187 278 2254 tum,
301 2179 366 2242 sihi
391 2185 471 2260 post
494 2186 640 2242 mortem
663 2179 791 2242 domini
811 2179 965 2244 oblatum
987 2181 1143 2262 accipere

191 2279 305 2342 renuit
318 2298 326 2355 ;
350 2278 516 2360 quianon
532 2277 634 2341 simul
649 2277 838 2342 offerebant
854 2278 1025 2356 heredem,
1041 2297 1143 2361 quem

192 2377 265 2441 dux
298 2377 511 2458 Burgundiae
543 2375 659 2442 furtim
690 2376 894 2454 abstulerat,
920 2377 1003 2459 quia
1030 2377 1143 2441 suerat

192 2477 269 2561 ejus
308 2483 489 2559 cognatus.
554 2475 716 2542 Castrum
754 2496 838 2541 vero
875 2476 1143 2540 munitissimum

193 2569 402 2640 'Turonium’
432 2575 602 2640 redditum
627 2584 681 2641 est
702 2577 734 2640 ei
761 2579 804 2641 ab
830 2577 905 2662 ejus
931 2576 1144 2653 vicecomite,

193 2684 301 2740 totam
334 2675 437 2740 etiam
472 2683 597 2741 terram
637 2677 773 2741 comitis
810 2676 853 2740 de
885 2675 1044 2741 Marchia
1081 2695 1143 2739 rex

193 2777 276 2839 emit
301 2776 366 2839 sibi
390 2794 452 2858 pro
474 2794 537 2838 sex
562 2775 713 2840 millibus
738 2774 836 2840 libris
859 2777 1005 2857 argenti.
1057 2773 1144 2839 Cas·

192 2883 283 2939 trum
310 2895 391 2939 vero
412 2874 520 2958 juxta
543 2876 720 2941 civitatem
742 2869 989 2952 Lemovicam,⁴
1014 2875 1049 2938 in
1075 2894 1144 2957 quo

193 2974 230 3038 S.
255 2973 428 3038 Martialis
467 2976 660 3057 requiescit,
697 2975 870 3040 Ricardus
910 2976 1001 3039 filius
1040 2976 1144 3056 regis,

195 3073 268 3137 dux
285 3073 495 3154 Aquitaniae,
517 3074 661 3138 abstulit
683 3074 877 3140 vicecomiti
897 3075 1050 3159 ejusdem
1070 3094 1146 3140 cas-

195 3173 253 3246 tri,
285 3171 367 3253 quia
395 3171 481 3235 fovit
510 3181 627 3255 partes
659 3174 795 3238 comitis
830 3174 1145 3257 Engolismensium

194 3278 316 3336 contra
332 3271 466 3335 ducem.

246 3370 345 3435 Sicut
370 3370 406 3432 in
432 3377 554 3434 aestate
574 3389 702 3454 magna
727 3371 879 3449 siccitas,
905 3372 955 3436 sic
978 3371 1012 3435 iu
1036 3369 1147 3435 hieme

195 3471 348 3535 maxima
363 3469 543 3533 inundatio
560 3470 625 3533 suit
641 3489 818 3553 aquarum.
872 3471 977 3536 Multi
991 3471 1148 3536 homines

196 3570 262 3634 hoc
278 3589 383 3647 auno,
408 3569 501 3632 circa
522 3569 647 3634 festum
667 3571 703 3635 S.
721 3568 744 3633 J
748 3571 881 3648 oannis,
897 3573 934 3635 in
949 3570 1147 3636 fluminibus

196 3670 382 3753 perierunt.
435 3668 559 3733 Multae
586 3670 691 3735 etiam
717 3689 825 3736 naves
853 3673 1041 3736 submersae
1065 3678 1147 3736 sunt

232 3858 240 3888 ¹
257 3861 313 3908 ‘En
331 3860 355 3909 ie
369 3865 450 3922 temps
464 3862 513 3910 cist
528 3863 566 3911 rei
576 3862 659 3911 Heuri
684 3865 759 3927 good,
770 3879 799 3914 as
808 3865 840 3914 he
851 3866 911 3915 isso
920 3865 1003 3916 called
1013 3866 1047 3928 by
1058 3864 1093 3915 ull
1104 3865 1147 3914 the

196 3930 314 3980 Secound
341 3933 417 3979 estoit
442 3931 541 3981 famous
561 3932 658 3981 Mestre
684 3935 760 3985 MSS.
772 3934 839 3984 iufra
849 3936 883 3984 ad
894 3950 936 3985 an.
949 3939 1024 3985 utu.

195 4001 281 4051 Johau
288 4000 659 4088 Beleth,quiflstpnlivre.tres,
718 4033 729 4067 ,
743 4037 811 4087 ,nm
822 4038 843 4086 ὴ
864 4031 1029 4087 ,Turennaep
1042 4031 1110 4084 M
1122 4035 1147 4082 in

196 4072 246 4120 hou
263 4069 296 4118 de
313 4070 397 4119 offices
413 4070 445 4119 de
464 4075 530 4153 serni
548 4071 651 4133 Egluc;
684 4072 854 4170 memmius
1014 4071 1021 4097 ’

197 4140 251 4189 Old
263 4140 361 4188 French
372 4141 542 4191 Translabon.

231 4208 435 4260 '‘Guiomarum
444 4212 459 4270 ;'
470 4210 531 4261 An:
544 4210 628 4260 which
637 4211 660 4258 is
720 4205 730 4238 ⁴
749 4207 876 4268 Limoges.
