<?xml version="1.0" encoding="UTF-8"?>
<!DOCTYPE html PUBLIC "-//W3C//DTD XHTML 1.0 Transitional//EN"
    "http://www.w3.org/TR/xhtml1/DTD/xhtml1-transitional.dtd">
<html xmlns="http://www.w3.org/1999/xhtml" xml:lang="en" lang="en">
 <head>
  <title>
</title>
<meta http-equiv="Content-Type" content="text/html;charset=utf-8" />
  <meta name='ocr-system' content='tesseract 3.04.00' />
  <meta name='ocr-capabilities' content='ocr_page ocr_carea ocr_par ocr_line ocrx_word'/>
</head>
<body>
  <div class='ocr_page' id='page_1' title='image "./fnicholaitrivet00trivgoog/fnicholaitrivet00trivgoog_0231.png"; bbox 0 0 2940 4950; ppageno 0'>
   <div class='ocr_carea' id='block_1_1' title="bbox 395 435 999 502">
    <p class='ocr_par' dir='ltr' id='par_1_1' title="bbox 395 435 999 502">
     <span class='ocr_line' id='line_1_1' title="bbox 395 435 999 502; baseline -0.005 0"><span class='ocrx_word' id='word_1_1' title='bbox 395 435 460 502; x_wconf 85' lang='grc'><strong>198</strong></span> <span class='ocrx_word' id='word_1_2' title='bbox 755 453 829 501; x_wconf 78' lang='lat' dir='ltr'><strong>nro.</strong></span> <span class='ocrx_word' id='word_1_3' title='bbox 851 452 999 500; x_wconf 85' lang='lat' dir='ltr'><strong>rnrvnrr</strong></span> 
     </span>
    </p>
   </div>
   <div class='ocr_carea' id='block_1_2' title="bbox 238 607 1355 1082">
    <p class='ocr_par' dir='ltr' id='par_1_2' title="bbox 398 607 1355 971">
     <span class='ocr_line' id='line_1_2' title="bbox 398 607 1355 684; baseline -0.002 -11"><span class='ocrx_word' id='word_1_4' title='bbox 398 609 481 673; x_wconf 91' lang='lat' dir='ltr'><strong>nulli</strong></span> <span class='ocrx_word' id='word_1_5' title='bbox 500 609 544 673; x_wconf 84' lang='lat' dir='ltr'><strong>nd</strong></span> <span class='ocrx_word' id='word_1_6' title='bbox 560 607 657 672; x_wconf 88' lang='lat' dir='ltr'><strong>illurn</strong></span> <span class='ocrx_word' id='word_1_7' title='bbox 681 608 822 673; x_wconf 86' lang='lat' dir='ltr'><strong>Merlini</strong></span> <span class='ocrx_word' id='word_1_8' title='bbox 845 607 976 674; x_wconf 81' lang='lat' dir='ltr'><strong>fatidici</strong></span> <span class='ocrx_word' id='word_1_9' title='bbox 998 607 1199 673; x_wconf 78' lang='lat' dir='ltr'><strong>vaticinium</strong></span> <span class='ocrx_word' id='word_1_10' title='bbox 1222 608 1355 684; x_wconf 85' lang='lat' dir='ltr'><strong>referri,</strong></span> 
     </span>
     <span class='ocr_line' id='line_1_3' title="bbox 398 707 1355 791; baseline 0.001 -20"><span class='ocrx_word' id='word_1_11' title='bbox 398 728 466 791; x_wconf 91' lang='lat' dir='ltr'><strong>quo</strong></span> <span class='ocrx_word' id='word_1_12' title='bbox 483 708 585 783; x_wconf 87' lang='lat' dir='ltr'><strong>dixit,</strong></span> <span class='ocrx_word' id='word_1_13' title='bbox 610 708 798 788; x_wconf 78' lang='lat' dir='ltr'><strong>‘Virginea</strong></span> <span class='ocrx_word' id='word_1_14' title='bbox 818 727 960 772; x_wconf 83' lang='lat' dir='ltr'><strong>munera</strong></span> <span class='ocrx_word' id='word_1_15' title='bbox 985 708 1176 790; x_wconf 80' lang='lat' dir='ltr'><strong>virginibus</strong></span> <span class='ocrx_word' id='word_1_16' title='bbox 1199 707 1355 772; x_wconf 85' lang='lat' dir='ltr'><strong>donabit.</strong></span> 
     </span>
     <span class='ocr_line' id='line_1_4' title="bbox 400 806 1353 884; baseline -0.001 -14"><span class='ocrx_word' id='word_1_17' title='bbox 400 807 655 871; x_wconf 86' lang='lat' dir='ltr'><strong>Promerebitnr</strong></span> <span class='ocrx_word' id='word_1_18' title='bbox 685 806 765 871; x_wconf 84' lang='lat' dir='ltr'><strong>inde</strong></span> <span class='ocrx_word' id='word_1_19' title='bbox 796 807 950 872; x_wconf 84' lang='lat' dir='ltr'><strong>furorem</strong></span> <span class='ocrx_word' id='word_1_20' title='bbox 982 806 1164 884; x_wconf 78' lang='lat' dir='ltr'><strong>Tonantis,</strong></span> <span class='ocrx_word' id='word_1_21' title='bbox 1197 814 1232 871; x_wconf 83' lang='lat' dir='ltr'><strong>et</strong></span> <span class='ocrx_word' id='word_1_22' title='bbox 1261 808 1353 872; x_wconf 81' lang='lat' dir='ltr'><strong>inter</strong></span> 
     </span>
     <span class='ocr_line' id='line_1_5' title="bbox 399 900 800 971; baseline -0.005 -1"><span class='ocrx_word' id='word_1_23' title='bbox 399 908 519 971; x_wconf 80' lang='lat' dir='ltr'><strong>beatos</strong></span> <span class='ocrx_word' id='word_1_24' title='bbox 535 900 800 970; x_wconf 85' lang='lat' dir='ltr'><strong>collocabitur.&#39;¹</strong></span> 
     </span>
    </p>

    <p class='ocr_par' dir='ltr' id='par_1_3' title="bbox 238 1003 1354 1082">
     <span class='ocr_line' id='line_1_6' title="bbox 238 1003 1354 1082; baseline -0.002 -13"><span class='ocrx_word' id='word_1_25' title='bbox 238 1022 342 1062; x_wconf 69' lang='lat' dir='ltr'><strong>nemn-</strong></span> <span class='ocrx_word' id='word_1_26' title='bbox 450 1005 581 1071; x_wconf 87' lang='lat' dir='ltr'><strong>Eodem</strong></span> <span class='ocrx_word' id='word_1_27' title='bbox 607 1026 698 1070; x_wconf 83' lang='lat' dir='ltr'><strong>anno</strong></span> <span class='ocrx_word' id='word_1_28' title='bbox 724 1006 847 1070; x_wconf 84' lang='lat' dir='ltr'><strong>beatus</strong></span> <span class='ocrx_word' id='word_1_29' title='bbox 872 1003 1088 1082; x_wconf 88' lang='lat' dir='ltr'><strong>Dominicus,</strong></span> <span class='ocrx_word' id='word_1_30' title='bbox 1113 1006 1224 1070; x_wconf 83' lang='lat' dir='ltr'><strong>electa</strong></span> <span class='ocrx_word' id='word_1_31' title='bbox 1246 1023 1267 1068; x_wconf 82' lang='lat' dir='ltr'><strong>a</strong></span> <span class='ocrx_word' id='word_1_32' title='bbox 1287 1004 1354 1068; x_wconf 81' lang='lat' dir='ltr'><strong>fra-</strong></span> 
     </span>
    </p>
   </div>
   <div class='ocr_carea' id='block_1_3' title="bbox 235 1069 376 1111">
    <p class='ocr_par' dir='ltr' id='par_1_4' title="bbox 235 1069 376 1111">
     <span class='ocr_line' id='line_1_7' title="bbox 235 1069 376 1111; baseline -0.021 0"><span class='ocrx_word' id='word_1_33' title='bbox 235 1070 342 1111; x_wconf 77' lang='lat' dir='ltr'><strong>firmetlon</strong></span> <span class='ocrx_word' id='word_1_34' title='bbox 351 1069 376 1108; x_wconf 83' lang='lat' dir='ltr'><strong>oi</strong></span> 
     </span>
    </p>
   </div>
   <div class='ocr_carea' id='block_1_4' title="bbox 236 1102 1357 1676">
    <p class='ocr_par' dir='ltr' id='par_1_5' title="bbox 236 1102 1357 1676">
     <span class='ocr_line' id='line_1_8' title="bbox 237 1102 1355 1209; baseline -0.003 -40"><span class='ocrx_word' id='word_1_35' title='bbox 237 1119 379 1209; x_wconf 52' lang='lat' dir='ltr'><strong>thevogul</strong></span> <span class='ocrx_word' id='word_1_36' title='bbox 401 1106 510 1170; x_wconf 83' lang='lat' dir='ltr'><strong>tribus</strong></span> <span class='ocrx_word' id='word_1_37' title='bbox 538 1106 660 1187; x_wconf 79' lang='lat' dir='ltr'><strong>regula</strong></span> <span class='ocrx_word' id='word_1_38' title='bbox 689 1105 781 1169; x_wconf 83' lang='lat' dir='ltr'><strong>boati</strong></span> <span class='ocrx_word' id='word_1_39' title='bbox 812 1104 1013 1187; x_wconf 83' lang='lat' dir='ltr'><strong>Augustini,</strong></span> <span class='ocrx_word' id='word_1_40' title='bbox 1043 1104 1195 1170; x_wconf 81' lang='lat' dir='ltr'><strong>doctoris</strong></span> <span class='ocrx_word' id='word_1_41' title='bbox 1223 1102 1355 1176; x_wconf 82' lang='lat' dir='ltr'><strong>eximii,</strong></span> 
     </span>
     <span class='ocr_line' id='line_1_9' title="bbox 236 1180 1354 1288; baseline -0.004 -19"><span class='ocrx_word' id='word_1_42' title='bbox 236 1180 310 1211; x_wconf 58' lang='grc' dir='ltr'><em>Μ</em></span> <span class='ocrx_word' id='word_1_43' title='bbox 324 1181 353 1210; x_wconf 66' lang='lat'><strong>‘¹&#39;</strong></span> <span class='ocrx_word' id='word_1_44' title='bbox 401 1205 548 1269; x_wconf 79' lang='lat' dir='ltr'><strong>Romam</strong></span> <span class='ocrx_word' id='word_1_45' title='bbox 573 1223 746 1279; x_wconf 79' lang='lat' dir='ltr'><strong>reversus,</strong></span> <span class='ocrx_word' id='word_1_46' title='bbox 767 1203 930 1269; x_wconf 86' lang='lat' dir='ltr'><strong>defuncto</strong></span> <span class='ocrx_word' id='word_1_47' title='bbox 953 1223 1045 1288; x_wconf 81' lang='lat' dir='ltr'><strong>papa</strong></span> <span class='ocrx_word' id='word_1_48' title='bbox 1067 1203 1286 1274; x_wconf 81' lang='lat' dir='ltr'><strong>Innocentio.</strong></span> <span class='ocrx_word' id='word_1_49' title='bbox 1309 1203 1354 1266; x_wconf 82' lang='lat' dir='ltr'><strong>ab</strong></span> 
     </span>
     <span class='ocr_line' id='line_1_10' title="bbox 400 1300 1356 1386; baseline 0 -21"><span class='ocrx_word' id='word_1_50' title='bbox 400 1303 475 1386; x_wconf 87' lang='lat' dir='ltr'><strong>ejus</strong></span> <span class='ocrx_word' id='word_1_51' title='bbox 494 1322 692 1369; x_wconf 82' lang='lat' dir='ltr'><strong>successore</strong></span> <span class='ocrx_word' id='word_1_52' title='bbox 710 1301 870 1368; x_wconf 84' lang='lat' dir='ltr'><strong>Honorio</strong></span> <span class='ocrx_word' id='word_1_53' title='bbox 893 1303 1188 1369; x_wconf 80' lang='lat' dir='ltr'><strong>confirmationem</strong></span> <span class='ocrx_word' id='word_1_54' title='bbox 1211 1300 1356 1379; x_wconf 82' lang='lat' dir='ltr'><strong>ordinis,</strong></span> 
     </span>
     <span class='ocr_line' id='line_1_11' title="bbox 400 1395 1355 1486; baseline -0.001 -21"><span class='ocrx_word' id='word_1_55' title='bbox 400 1403 460 1485; x_wconf 90' lang='lat' dir='ltr'><strong>qui</strong></span> <span class='ocrx_word' id='word_1_56' title='bbox 476 1401 747 1467; x_wconf 84' lang='lat' dir='ltr'><strong>Praedicatorum</strong></span> <span class='ocrx_word' id='word_1_57' title='bbox 764 1401 947 1480; x_wconf 81' lang='lat' dir='ltr'><strong>dicoretur,</strong></span> <span class='ocrx_word' id='word_1_58' title='bbox 958 1403 1109 1467; x_wconf 87' lang='lat' dir='ltr'><strong>obtinuit</strong></span> <span class='ocrx_word' id='word_1_59' title='bbox 1120 1395 1145 1480; x_wconf 86' lang='lat'><strong>;²</strong></span> <span class='ocrx_word' id='word_1_60' title='bbox 1168 1402 1268 1486; x_wconf 82' lang='lat' dir='ltr'><strong>cujus</strong></span> <span class='ocrx_word' id='word_1_61' title='bbox 1279 1402 1355 1483; x_wconf 78' lang='lat' dir='ltr'><strong>ipse</strong></span> 
     </span>
     <span class='ocr_line' id='line_1_12' title="bbox 400 1500 1357 1583; baseline 0.001 -20"><span class='ocrx_word' id='word_1_62' title='bbox 400 1502 531 1583; x_wconf 88' lang='lat' dir='ltr'><strong>primus</strong></span> <span class='ocrx_word' id='word_1_63' title='bbox 554 1500 717 1567; x_wconf 81' lang='lat' dir='ltr'><strong>fundator</strong></span> <span class='ocrx_word' id='word_1_64' title='bbox 739 1501 887 1578; x_wconf 78' lang='lat' dir='ltr'><strong>exstitit,</strong></span> <span class='ocrx_word' id='word_1_65' title='bbox 909 1507 945 1567; x_wconf 88' lang='lat' dir='ltr'><strong>et</strong></span> <span class='ocrx_word' id='word_1_66' title='bbox 962 1502 1136 1583; x_wconf 78' lang='lat' dir='ltr'><strong>magister.</strong></span> <span class='ocrx_word' id='word_1_67' title='bbox 1191 1502 1285 1567; x_wconf 82' lang='lat' dir='ltr'><strong>Dato</strong></span> <span class='ocrx_word' id='word_1_68' title='bbox 1301 1508 1357 1565; x_wconf 83' lang='lat' dir='ltr'><strong>est</strong></span> 
     </span>
     <span class='ocr_line' id='line_1_13' title="bbox 400 1599 1356 1676; baseline 0 -12"><span class='ocrx_word' id='word_1_69' title='bbox 400 1599 464 1664; x_wconf 88' lang='lat' dir='ltr'><strong>hoo</strong></span> <span class='ocrx_word' id='word_1_70' title='bbox 478 1619 570 1664; x_wconf 86' lang='lat' dir='ltr'><strong>anno</strong></span> <span class='ocrx_word' id='word_1_71' title='bbox 587 1599 751 1664; x_wconf 84' lang='lat' dir='ltr'><strong>fratribus</strong></span> <span class='ocrx_word' id='word_1_72' title='bbox 764 1600 909 1666; x_wconf 82' lang='lat' dir='ltr'><strong>ecclesia</strong></span> <span class='ocrx_word' id='word_1_73' title='bbox 927 1600 963 1665; x_wconf 90' lang='lat' dir='ltr'><strong>S.</strong></span> <span class='ocrx_word' id='word_1_74' title='bbox 977 1600 1127 1667; x_wconf 79' lang='lat' dir='ltr'><strong>Romani</strong></span> <span class='ocrx_word' id='word_1_75' title='bbox 1138 1601 1175 1665; x_wconf 91' lang='lat' dir='ltr'><strong>in</strong></span> <span class='ocrx_word' id='word_1_76' title='bbox 1186 1600 1356 1676; x_wconf 84' lang='lat' dir='ltr'><strong>Tholosu,</strong></span> 
     </span>
    </p>
   </div>
   <div class='ocr_carea' id='block_1_5' title="bbox 399 1693 1177 1780">
    <p class='ocr_par' dir='ltr' id='par_1_6' title="bbox 399 1693 1177 1780">
     <span class='ocr_line' id='line_1_14' title="bbox 399 1693 1177 1780; baseline 0.001 -17"><span class='ocrx_word' id='word_1_77' title='bbox 399 1698 458 1763; x_wconf 90' lang='lat' dir='ltr'><strong>ubi</strong></span> <span class='ocrx_word' id='word_1_78' title='bbox 474 1707 509 1763; x_wconf 85' lang='lat' dir='ltr'><strong>et</strong></span> <span class='ocrx_word' id='word_1_79' title='bbox 524 1699 635 1780; x_wconf 88' lang='lat' dir='ltr'><strong>primu</strong></span> <span class='ocrx_word' id='word_1_80' title='bbox 651 1698 774 1763; x_wconf 88' lang='lat' dir='ltr'><strong>domus</strong></span> <span class='ocrx_word' id='word_1_81' title='bbox 790 1700 921 1765; x_wconf 82' lang='lat' dir='ltr'><strong>ordinis</strong></span> <span class='ocrx_word' id='word_1_82' title='bbox 937 1708 992 1764; x_wconf 86' lang='lat' dir='ltr'><strong>est</strong></span> <span class='ocrx_word' id='word_1_83' title='bbox 1006 1693 1177 1766; x_wconf 74' lang='lat' dir='ltr'><strong>fundato.³</strong></span> 
     </span>
    </p>
   </div>
   <div class='ocr_carea' id='block_1_6' title="bbox 512 1844 1236 1933">
    <p class='ocr_par' dir='ltr' id='par_1_7' title="bbox 512 1844 1236 1933">
     <span class='ocr_line' id='line_1_15' title="bbox 512 1844 1236 1933; baseline 0.003 -25"><span class='ocrx_word' id='word_1_84' title='bbox 512 1844 699 1930; x_wconf 68' lang='lat' dir='ltr'><strong>Euplioirmt</strong></span> <span class='ocrx_word' id='word_1_85' title='bbox 708 1855 793 1933; x_wconf 69' lang='lat' dir='ltr'><strong>qanta</strong></span> <span class='ocrx_word' id='word_1_86' title='bbox 808 1847 944 1911; x_wconf 70' lang='lat' dir='ltr'><strong>Joalnls</strong></span> <span class='ocrx_word' id='word_1_87' title='bbox 958 1847 1038 1933; x_wconf 75' lang='lat' dir='ltr'><strong>reqio</strong></span> <span class='ocrx_word' id='word_1_88' title='bbox 1052 1845 1236 1932; x_wconf 65' lang='lat' dir='ltr'><strong>Aetolorum.</strong></span> 
     </span>
    </p>
   </div>
   <div class='ocr_carea' id='block_1_7' title="bbox 399 2064 1357 2271">
    <p class='ocr_par' dir='ltr' id='par_1_8' title="bbox 399 2064 1357 2271">
     <span class='ocr_line' id='line_1_16' title="bbox 435 2064 1357 2132; baseline 0.002 -16"><span class='ocrx_word' id='word_1_89' title='bbox 435 2064 444 2097; x_wconf 90' lang='lat'>¹</span> <span class='ocrx_word' id='word_1_90' title='bbox 459 2064 522 2116; x_wconf 80' lang='lat' dir='ltr'><strong>Thio</strong></span> <span class='ocrx_word' id='word_1_91' title='bbox 538 2068 562 2117; x_wconf 85' lang='lat' dir='ltr'><strong>ie</strong></span> <span class='ocrx_word' id='word_1_92' title='bbox 578 2082 679 2117; x_wconf 82' lang='lat' dir='ltr'><strong>nevere:</strong></span> <span class='ocrx_word' id='word_1_93' title='bbox 698 2069 745 2117; x_wconf 88' lang='lat' dir='ltr'><strong>bnt</strong></span> <span class='ocrx_word' id='word_1_94' title='bbox 760 2069 800 2117; x_wconf 82' lang='lat' dir='ltr'><strong>lrio</strong></span> <span class='ocrx_word' id='word_1_95' title='bbox 811 2070 866 2132; x_wconf 86' lang='lat' dir='ltr'><strong>epi·</strong></span> <span class='ocrx_word' id='word_1_96' title='bbox 889 2068 984 2130; x_wconf 84' lang='lat' dir='ltr'><strong>which,</strong></span> <span class='ocrx_word' id='word_1_97' title='bbox 991 2068 1119 2129; x_wconf 78' lang='lat' dir='ltr'><strong>however,</strong></span> <span class='ocrx_word' id='word_1_98' title='bbox 1128 2083 1184 2118; x_wconf 75' lang='lat' dir='ltr'><strong>wan</strong></span> <span class='ocrx_word' id='word_1_99' title='bbox 1193 2073 1239 2117; x_wconf 92' lang='lat' dir='ltr'><strong>not</strong></span> <span class='ocrx_word' id='word_1_100' title='bbox 1249 2069 1357 2119; x_wconf 68' lang='lat' dir='ltr'><strong>hennil)-</strong></span> 
     </span>
     <span class='ocr_line' id='line_1_17' title="bbox 400 2136 1356 2199; baseline 0.004 -14"><span class='ocrx_word' id='word_1_101' title='bbox 400 2136 470 2199; x_wconf 74' lang='lat' dir='ltr'><strong>tuph,</strong></span> <span class='ocrx_word' id='word_1_102' title='bbox 491 2139 565 2199; x_wconf 76' lang='lat' dir='ltr'><strong>giren</strong></span> <span class='ocrx_word' id='word_1_103' title='bbox 579 2139 606 2186; x_wconf 92' lang='lat' dir='ltr'><strong>in</strong></span> <span class='ocrx_word' id='word_1_104' title='bbox 626 2138 711 2199; x_wconf 78' lang='lat' dir='ltr'><strong>Roger</strong></span> <span class='ocrx_word' id='word_1_105' title='bbox 728 2138 758 2186; x_wconf 83' lang='lat' dir='ltr'><strong>oi</strong></span> <span class='ocrx_word' id='word_1_106' title='bbox 772 2138 867 2188; x_wconf 83' lang='lat' dir='ltr'><strong>Wend·</strong></span> <span class='ocrx_word' id='word_1_107' title='bbox 891 2139 972 2188; x_wconf 90' lang='lat' dir='ltr'><strong>edon</strong></span> <span class='ocrx_word' id='word_1_108' title='bbox 990 2138 1030 2187; x_wconf 83' lang='lat' dir='ltr'><strong>hie</strong></span> <span class='ocrx_word' id='word_1_109' title='bbox 1045 2141 1190 2188; x_wconf 81' lang='lat' dir='ltr'><strong>monument</strong></span> <span class='ocrx_word' id='word_1_110' title='bbox 1200 2138 1228 2186; x_wconf 93' lang='lat' dir='ltr'><strong>in</strong></span> <span class='ocrx_word' id='word_1_111' title='bbox 1238 2138 1356 2189; x_wconf 79' lang='lat' dir='ltr'><strong>Woroee·</strong></span> 
     </span>
     <span class='ocr_line' id='line_1_18' title="bbox 399 2207 1317 2271; baseline 0.001 -15"><span class='ocrx_word' id='word_1_112' title='bbox 399 2222 468 2271; x_wconf 84' lang='lat' dir='ltr'><strong>over,</strong></span> <span class='ocrx_word' id='word_1_113' title='bbox 486 2207 524 2257; x_wconf 90' lang='lat' dir='ltr'><strong>iii.</strong></span> <span class='ocrx_word' id='word_1_114' title='bbox 540 2210 598 2269; x_wconf 77' lang='lat'><strong>886,</strong></span> <span class='ocrx_word' id='word_1_115' title='bbox 613 2207 636 2256; x_wconf 81' lang='lat' dir='ltr'><strong>ie</strong></span> <span class='ocrx_word' id='word_1_116' title='bbox 652 2207 727 2257; x_wconf 85' lang='lat' dir='ltr'><strong>much</strong></span> <span class='ocrx_word' id='word_1_117' title='bbox 744 2222 812 2259; x_wconf 84' lang='lat' dir='ltr'><strong>ruore</strong></span> <span class='ocrx_word' id='word_1_118' title='bbox 828 2223 868 2269; x_wconf 86' lang='lat' dir='ltr'><strong>eo,</strong></span> <span class='ocrx_word' id='word_1_119' title='bbox 891 2215 930 2259; x_wconf 83' lang='lat' dir='ltr'><strong>ter</strong></span> <span class='ocrx_word' id='word_1_120' title='bbox 940 2207 1085 2258; x_wconf 75' lang='lat' dir='ltr'><strong>oothedrul:</strong></span> <span class='ocrx_word' id='word_1_121' title='bbox 1310 2221 1317 2232; x_wconf 83' lang='lat'><strong>·</strong></span> 
     </span>
    </p>
   </div>
   <div class='ocr_carea' id='block_1_8' title="bbox 517 2308 1277 2648">
    <p class='ocr_par' dir='ltr' id='par_1_9' title="bbox 517 2308 1277 2648">
     <span class='ocr_line' id='line_1_19' title="bbox 517 2308 1116 2372; baseline -0.003 -14"><span class='ocrx_word' id='word_1_122' title='bbox 517 2309 525 2338; x_wconf 78' lang='lat'><em>⁶</em></span> <span class='ocrx_word' id='word_1_123' title='bbox 538 2308 596 2358; x_wconf 84' lang='lat' dir='ltr'><strong>Hoc</strong></span> <span class='ocrx_word' id='word_1_124' title='bbox 607 2309 633 2358; x_wconf 93' lang='lat' dir='ltr'><strong>in</strong></span> <span class='ocrx_word' id='word_1_125' title='bbox 644 2309 800 2370; x_wconf 73' lang='lat' dir='ltr'><strong>meoplrusso</strong></span> <span class='ocrx_word' id='word_1_126' title='bbox 811 2309 935 2371; x_wconf 70' lang='lat' dir='ltr'><strong>sepelitur</strong></span> <span class='ocrx_word' id='word_1_127' title='bbox 943 2310 1011 2372; x_wconf 71' lang='lat' dir='ltr'><strong>regie</strong></span> <span class='ocrx_word' id='word_1_128' title='bbox 1021 2309 1116 2370; x_wconf 73' lang='lat' dir='ltr'><strong>imago,</strong></span> 
     </span>
     <span class='ocr_line' id='line_1_20' title="bbox 542 2378 1212 2438; baseline -0.004 -9"><span class='ocrx_word' id='word_1_129' title='bbox 542 2379 596 2429; x_wconf 79' lang='lat' dir='ltr'><strong>Qui</strong></span> <span class='ocrx_word' id='word_1_130' title='bbox 607 2379 714 2428; x_wconf 82' lang='lat' dir='ltr'><strong>morione</strong></span> <span class='ocrx_word' id='word_1_131' title='bbox 725 2378 830 2427; x_wconf 88' lang='lat' dir='ltr'><strong>multum</strong></span> <span class='ocrx_word' id='word_1_132' title='bbox 842 2378 942 2428; x_wconf 71' lang='lat' dir='ltr'><strong>sedavit</strong></span> <span class='ocrx_word' id='word_1_133' title='bbox 952 2379 977 2428; x_wconf 91' lang='lat' dir='ltr'><strong>in</strong></span> <span class='ocrx_word' id='word_1_134' title='bbox 988 2378 1048 2428; x_wconf 83' lang='lat' dir='ltr'><strong>orbe</strong></span> <span class='ocrx_word' id='word_1_135' title='bbox 1059 2378 1212 2438; x_wconf 68' lang='lat' dir='ltr'><strong>tumultum</strong></span> 
     </span>
     <span class='ocr_line' id='line_1_21' title="bbox 542 2447 1277 2509; baseline 0.001 -13"><span class='ocrx_word' id='word_1_136' title='bbox 542 2447 620 2497; x_wconf 86' lang='lat' dir='ltr'><strong>Hunc</strong></span> <span class='ocrx_word' id='word_1_137' title='bbox 630 2448 697 2496; x_wconf 80' lang='lat' dir='ltr'><strong>muln</strong></span> <span class='ocrx_word' id='word_1_138' title='bbox 707 2452 765 2509; x_wconf 80' lang='lat' dir='ltr'><strong>poet</strong></span> <span class='ocrx_word' id='word_1_139' title='bbox 775 2453 880 2497; x_wconf 85' lang='lat' dir='ltr'><strong>mortem</strong></span> <span class='ocrx_word' id='word_1_140' title='bbox 889 2448 965 2497; x_wconf 85' lang='lat' dir='ltr'><strong>timor</strong></span> <span class='ocrx_word' id='word_1_141' title='bbox 973 2452 1013 2496; x_wconf 80' lang='lat' dir='ltr'><strong>ert</strong></span> <span class='ocrx_word' id='word_1_142' title='bbox 1022 2461 1053 2496; x_wconf 88' lang='lat' dir='ltr'><strong>ne</strong></span> <span class='ocrx_word' id='word_1_143' title='bbox 1065 2447 1119 2497; x_wconf 76' lang='lat' dir='ltr'><strong>latu</strong></span> <span class='ocrx_word' id='word_1_144' title='bbox 1127 2450 1277 2509; x_wconf 73' lang='lat' dir='ltr'><strong>sequentur.</strong></span> 
     </span>
     <span class='ocr_line' id='line_1_22' title="bbox 543 2516 1242 2578; baseline -0.001 -10"><span class='ocrx_word' id='word_1_145' title='bbox 543 2518 597 2568; x_wconf 78' lang='lat' dir='ltr'><strong>Qut</strong></span> <span class='ocrx_word' id='word_1_146' title='bbox 607 2516 672 2578; x_wconf 77' lang='lat' dir='ltr'><strong>legis</strong></span> <span class='ocrx_word' id='word_1_147' title='bbox 682 2516 748 2577; x_wconf 75' lang='lat' dir='ltr'><strong>hoe,</strong></span> <span class='ocrx_word' id='word_1_148' title='bbox 758 2522 872 2566; x_wconf 76' lang='lat' dir='ltr'><strong>metuens</strong></span> <span class='ocrx_word' id='word_1_149' title='bbox 882 2517 944 2566; x_wconf 85' lang='lat' dir='ltr'><strong>dum</strong></span> <span class='ocrx_word' id='word_1_150' title='bbox 954 2518 1037 2566; x_wconf 84' lang='lat' dir='ltr'><strong>eernie</strong></span> <span class='ocrx_word' id='word_1_151' title='bbox 1046 2521 1072 2566; x_wconf 89' lang='lat' dir='ltr'><strong>te</strong></span> <span class='ocrx_word' id='word_1_152' title='bbox 1082 2517 1242 2578; x_wconf 81' lang='lat' dir='ltr'><strong>moriturum,</strong></span> 
     </span>
     <span class='ocr_line' id='line_1_23' title="bbox 542 2581 1171 2648; baseline 0.002 -13"><span class='ocrx_word' id='word_1_153' title='bbox 542 2587 652 2636; x_wconf 83' lang='lat' dir='ltr'><strong>Discnte</strong></span> <span class='ocrx_word' id='word_1_154' title='bbox 663 2587 725 2648; x_wconf 87' lang='lat' dir='ltr'><strong>quid</strong></span> <span class='ocrx_word' id='word_1_155' title='bbox 737 2600 818 2636; x_wconf 77' lang='lat' dir='ltr'><strong>renem</strong></span> <span class='ocrx_word' id='word_1_156' title='bbox 829 2587 913 2648; x_wconf 79' lang='lat' dir='ltr'><strong>periet</strong></span> <span class='ocrx_word' id='word_1_157' title='bbox 922 2587 968 2635; x_wconf 89' lang='lat' dir='ltr'><strong>tibi</strong></span> <span class='ocrx_word' id='word_1_158' title='bbox 979 2592 1047 2637; x_wconf 80' lang='lat' dir='ltr'><strong>metu</strong></span> <span class='ocrx_word' id='word_1_159' title='bbox 1055 2581 1171 2637; x_wconf 69' lang='lat' dir='ltr'><strong>dierum:</strong></span> 
     </span>
    </p>
   </div>
   <div class='ocr_carea' id='block_1_9' title="bbox 402 2685 1358 2957">
    <p class='ocr_par' dir='ltr' id='par_1_10' title="bbox 402 2685 1358 2884">
     <span class='ocr_line' id='line_1_24' title="bbox 437 2685 1355 2751; baseline 0.003 -17"><span class='ocrx_word' id='word_1_160' title='bbox 437 2685 447 2714; x_wconf 79' lang='lat'>²</span> <span class='ocrx_word' id='word_1_161' title='bbox 462 2687 524 2734; x_wconf 80' lang='lat' dir='ltr'><strong>&#39;l&#39;hin</strong></span> <span class='ocrx_word' id='word_1_162' title='bbox 535 2686 706 2735; x_wconf 78' lang='lat' dir='ltr'><strong>confirmation</strong></span> <span class='ocrx_word' id='word_1_163' title='bbox 718 2701 772 2735; x_wconf 81' lang='lat' dir='ltr'><strong>rrae</strong></span> <span class='ocrx_word' id='word_1_164' title='bbox 781 2692 865 2749; x_wconf 76' lang='lat' dir='ltr'><strong>grant·</strong></span> <span class='ocrx_word' id='word_1_165' title='bbox 889 2687 1017 2737; x_wconf 81' lang='lat' dir='ltr'><strong>dieeolrod</strong></span> <span class='ocrx_word' id='word_1_166' title='bbox 1031 2688 1058 2736; x_wconf 92' lang='lat' dir='ltr'><strong>in</strong></span> <span class='ocrx_word' id='word_1_167' title='bbox 1073 2687 1115 2736; x_wconf 86' lang='lat' dir='ltr'><strong>the</strong></span> <span class='ocrx_word' id='word_1_168' title='bbox 1134 2687 1267 2751; x_wconf 70' lang='lat' dir='ltr'><strong>following</strong></span> <span class='ocrx_word' id='word_1_169' title='bbox 1284 2704 1355 2751; x_wconf 75' lang='lat' dir='ltr'><strong>year,</strong></span> 
     </span>
     <span class='ocr_line' id='line_1_25' title="bbox 402 2755 1358 2819; baseline 0.004 -15"><span class='ocrx_word' id='word_1_170' title='bbox 402 2755 433 2804; x_wconf 84' lang='lat' dir='ltr'><strong>ed</strong></span> <span class='ocrx_word' id='word_1_171' title='bbox 445 2771 477 2804; x_wconf 93' lang='lat' dir='ltr'><strong>on</strong></span> <span class='ocrx_word' id='word_1_172' title='bbox 489 2756 531 2804; x_wconf 86' lang='lat' dir='ltr'><strong>the</strong></span> <span class='ocrx_word' id='word_1_173' title='bbox 543 2756 608 2804; x_wconf 76' lang='lat' dir='ltr'><strong>22nd</strong></span> <span class='ocrx_word' id='word_1_174' title='bbox 622 2756 703 2815; x_wconf 86' lang='lat' dir='ltr'><strong>Dec.;</strong></span> <span class='ocrx_word' id='word_1_175' title='bbox 720 2756 822 2805; x_wconf 79' lang='lat' dir='ltr'><strong>Echard</strong></span> <span class='ocrx_word' id='word_1_176' title='bbox 838 2761 866 2806; x_wconf 85' lang='lat' dir='ltr'><strong>et</strong></span> <span class='ocrx_word' id='word_1_177' title='bbox 889 2755 964 2819; x_wconf 81' lang='lat' dir='ltr'><strong>infru,</strong></span> <span class='ocrx_word' id='word_1_178' title='bbox 982 2772 1008 2819; x_wconf 84' lang='lat' dir='ltr'><strong>p.</strong></span> <span class='ocrx_word' id='word_1_179' title='bbox 1024 2760 1083 2819; x_wconf 74' lang='lat'><strong>2⁰2,</strong></span> <span class='ocrx_word' id='word_1_180' title='bbox 1096 2759 1122 2805; x_wconf 93' lang='lat' dir='ltr'><strong>in</strong></span> <span class='ocrx_word' id='word_1_181' title='bbox 1139 2771 1314 2819; x_wconf 73' lang='lat' dir='ltr'><strong>consequence</strong></span> <span class='ocrx_word' id='word_1_182' title='bbox 1328 2759 1358 2808; x_wconf 82' lang='lat' dir='ltr'><strong>oi</strong></span> 
     </span>
     <span class='ocr_line' id='line_1_26' title="bbox 404 2823 1284 2884; baseline 0.005 -9"><span class='ocrx_word' id='word_1_183' title='bbox 404 2824 503 2884; x_wconf 61' lang='lat' dir='ltr'><strong>Quietis,</strong></span> <span class='ocrx_word' id='word_1_184' title='bbox 514 2825 577 2873; x_wconf 82' lang='lat' dir='ltr'><strong>Tab.</strong></span> <span class='ocrx_word' id='word_1_185' title='bbox 590 2823 684 2874; x_wconf 86' lang='lat' dir='ltr'><strong>chron.</strong></span> <span class='ocrx_word' id='word_1_186' title='bbox 696 2826 714 2874; x_wconf 88' lang='lat' dir='ltr'><strong>i.</strong></span> <span class='ocrx_word' id='word_1_187' title='bbox 726 2829 767 2875; x_wconf 78' lang='grc'><strong>84.</strong></span> <span class='ocrx_word' id='word_1_188' title='bbox 889 2841 922 2876; x_wconf 86' lang='lat' dir='ltr'><strong>un</strong></span> <span class='ocrx_word' id='word_1_189' title='bbox 933 2826 1100 2877; x_wconf 81' lang='lat' dir='ltr'><strong>ineuneotion</strong></span> <span class='ocrx_word' id='word_1_190' title='bbox 1110 2830 1137 2876; x_wconf 78' lang='lat' dir='ltr'><strong>at</strong></span> <span class='ocrx_word' id='word_1_191' title='bbox 1145 2826 1284 2879; x_wconf 74' lang='lat' dir='ltr'><strong>l’holouee.</strong></span> 
     </span>
    </p>

    <p class='ocr_par' dir='ltr' id='par_1_11' title="bbox 437 2891 865 2957">
     <span class='ocr_line' id='line_1_27' title="bbox 437 2891 865 2957; baseline 0.007 -15"><span class='ocrx_word' id='word_1_192' title='bbox 437 2891 448 2924; x_wconf 78' lang='lat'><strong>³</strong></span> <span class='ocrx_word' id='word_1_193' title='bbox 464 2894 556 2944; x_wconf 82' lang='lat' dir='ltr'><strong>Which</strong></span> <span class='ocrx_word' id='word_1_194' title='bbox 567 2895 656 2956; x_wconf 79' lang='lat' dir='ltr'><strong>house,</strong></span> <span class='ocrx_word' id='word_1_195' title='bbox 671 2894 798 2957; x_wconf 82' lang='lat' dir='ltr'><strong>however,</strong></span> <span class='ocrx_word' id='word_1_196' title='bbox 809 2909 865 2945; x_wconf 70' lang='lat' dir='ltr'><strong>true</strong></span> 
     </span>
    </p>
   </div>
   <div class='ocr_carea' id='block_1_10' title="bbox 0 0 1475 4950">
    <p class='ocr_par' dir='ltr' id='par_1_12' title="bbox 0 0 1475 4950">
     <span class='ocr_line' id='line_1_28' title="bbox 0 0 1475 4950; baseline 0 0"><span class='ocrx_word' id='word_1_197' title='bbox 0 0 1475 4950; x_wconf 95' lang='lat' dir='ltr'><strong> </strong></span> 
     </span>
    </p>
   </div>
  </div>
 </body>
</html>
