2940 4950
537 442 716 491 aurnuns.
1058 427 1101 490 13

148 604 184 656 to
198 595 402 659 sibisocero
426 616 489 660 sno
515 597 670 662 Roberto
696 597 937 661 Giovernionsi
961 597 1096 673 comite,

145 692 292 776 aliisque
323 702 454 776 partem
489 697 715 778 imperatricis
745 696 952 771 foventibus,
988 689 1096 778 ¹regni

148 791 247 873 [nisi]
272 802 449 858 amoveret
468 795 693 872 obsidionem,
715 795 844 859 bellum
866 795 1021 859 cominus
1046 795 1099 858 in·

147 893 306 955 tentavit.
352 891 432 971 Quo
449 913 516 957 non
531 894 685 969 cedente,
701 893 761 958 sed
776 894 965 957 exereitum
981 893 1097 975 potius

146 992 366 1071 congregatis
383 992 534 1074 undique
552 993 660 1075 copiis
676 999 837 1073 augente,
853 992 1095 1073 gravissimum

146 1096 341 1152 consertum
355 1098 408 1154 est
424 1090 600 1172 praelinm;
627 1093 662 1154 in
684 1111 765 1175 quo,
789 1091 925 1154 devicto
940 1091 1096 1154 exercitu

146 1187 254 1268 regio,
274 1187 355 1252 lieet
370 1209 511 1254 numero
526 1191 748 1272 praestantior
764 1197 800 1253 et
816 1196 987 1272 apparatu
1001 1189 1097 1253 vide-

145 1293 252 1362 retur,
278 1287 353 1369 ipse
376 1307 439 1351 rex
464 1296 586 1401 eaptus
613 1296 677 1351 est.
730 1288 863 1352 Ceteris
890 1287 1096 1400 profligatis,

145 1386 288 1448 comites
320 1405 398 1449 cum
428 1387 513 1463 suis,
545 1387 722 1450 civitatem
761 1393 906 1450 ovantes
936 1386 1095 1466 ingressi,

146 1483 262 1548 omnia
276 1503 370 1549 more
383 1485 500 1548 hostili
511 1485 698 1567 diripiunt;
723 1504 906 1566 regemque
920 1483 1095 1566 captivum
1109 1507 1187 1547 aare
1174 1517 1202 1546 ιι

146 1582 356 1664 imperatrici
385 1584 577 1661 reddentes,
605 1584 757 1648 mulieris
786 1584 939 1647 animum
966 1569 1122 1664 insigni¹²
1086 1558 1179 1608 ῬΜ
1141 1568 1209 1598 ‘⁰⁰⁶³'

146 1681 291 1746 victoria
301 1683 491 1748 incitabant
502 1684 546 1748 ad
560 1684 729 1765 ampliora
741 1682 959 1766 sperandum
990 1681 1095 1746 Cives

148 1779 329 1857 Londonii,
356 1782 442 1864 regii
461 1802 564 1847 casus
585 1782 786 1847 infelicitate
808 1781 956 1858 fracti,'
947 1800 1096 1863 impora-

146 1879 279 1956 tricem,
311 1899 390 1962 quae
424 1901 540 1962 regem
570 1881 663 1963 apud
694 1880 895 1945 Bristoliam
929 1879 1095 1944 custodian

148 1978 417 2060 mancipaverat,
428 1980 663 2044 favorabiliter
673 1970 1095 2060 susciperunt²undecimo

147 2073 217 2138 kal.
244 2075 342 2149 Maii,
367 2096 445 2157 quae
468 2086 503 2141 et
525 2079 569 2140 ab
591 2079 684 2140 omni
707 2096 807 2159 paene
835 2083 938 2157 gente
962 2075 1094 2158 Angla·

148 2192 237 2248 rum,
253 2172 433 2236 Cantianis
452 2175 620 2254 exceptis,
639 2183 692 2238 est
714 2175 854 2238 domina
873 2176 1096 2256 proclamata.

149 2270 217 2334 Sed
232 2270 369 2333 irritata
384 2270 523 2334 fortuna
538 2271 630 2334 fastu
649 2271 806 2347 femineo,
822 2271 990 2353 pendulos
1008 2262 1099 2354 opti·

148 2378 279 2433 matum
313 2369 458 2445 animos,
488 2377 524 2432 et
549 2369 655 2433 corda
682 2368 808 2432 civium
841 2376 960 2433 tenero
987 2369 1100 2435 adhuc

149 2467 275 2532 affectu
302 2467 480 2544 haerentia,
504 2469 683 2550 pervertit,
707 2476 746 2531 nt
772 2468 816 2531 de
839 2468 959 2532 amicis
984 2468 1100 2532 subito

150 2573 432 2632 converterentur
456 2567 491 2631 in
517 2567 645 2631 hostes.
698 2566 814 2648 Igitur
838 2567 874 2630 in
895 2566 951 2631 die
976 2568 1102 2631 nativi-

150 2666 233 2730 tatis
258 2665 488 2730 Preeeursoris
506 2666 659 2742 Domini,
676 2667 819 2730 obsessa
840 2666 938 2741 turri,
959 2664 1101 2747 fugatur

87 2840 92 2848 .
150 2765 352 2848 imperatrix
364 2765 407 2829 de
421 2764 612 2829 Londonio.
646 2764 783 2828 Turrim
796 2772 912 2828 tamen
922 2764 1101 2829 Galfridns

149 2863 192 2927 de
209 2863 424 2945 Magnavilla
438 2872 598 2945 potenter
613 2863 777 2939 defendit,
799 2869 835 2926 et
851 2881 991 2944 egressu
1008 2863 1100 2928 facto

152 2962 343 3026 Robertum
376 2962 527 3026 civitatis
558 2962 770 3045 episcopum,
802 2961 911 3044 partis
945 2961 1100 3026 adversae

150 3060 332 3137 fautorem,
353 3061 446 3142 cepit
468 3060 558 3142 apud
598 3054 800 3124 ³manerium
823 3079 923 3123 suum
950 3059 993 3124 de
1016 3059 1100 3124 Ful·

151 3158 241 3221 ham.

202 3255 331 3320 Eadem
357 3264 562 3339 tempestate
591 3259 792 3340 imperatrix
824 3278 902 3321 cum
928 3259 1202 3323 ιιιιιιοιιΙοιιιιιιι
1202 3275 1218 3315 ¹.

151 3375 214 3419 suo
238 3355 354 3420 David
377 3374 459 3437 rege
481 3357 675 3433 Scotorum,
698 3364 733 3420 et
755 3375 919 3437 germano
941 3376 1005 3420 suo
1030 3356 1162 3427 Ro-mu
1112 3328 1234 3417 ''mni‘'

151 3457 248 3521 berto
278 3455 402 3519 comite
434 3454 645 3531 Gloverniae,
677 3459 806 3519 turrein
840 3455 1101 3569 Wyntoniensis

151 3555 302 3637 episcopi
318 3554 491 3632 obsidens,
511 3561 656 3636 experta
672 3563 725 3618 est
746 3555 866 3637 gloriae
883 3555 1006 3637 prioris
1022 3555 1099 3638 jac-

152 3663 275 3719 turam.
329 3653 426 3718 Idem
443 3674 591 3736 namque
607 3654 802 3736 episcopus,
825 3655 917 3735 regis
933 3654 1100 3737 Stephani

152 3839 227 3885 Anna
237 3836 298 3884 with
316 3851 364 3884 our
380 3837 488 3885 Saviour
502 3837 553 3885 and
573 3836 612 3885 hia
672 3831 681 3864 ¹
699 3835 790 3896 ‘regni
808 3841 934 3884 amoveret
947 3837 1077 3885 obsidione
1085 3832 1100 3895 ς’

152 3906 253 3954 Mother
263 3905 450 3966 iuthe'l'emple
461 3905 499 3954 for
510 3905 551 3953 the
563 3905 612 3953 ful·
638 3904 706 3953 D'A.
741 3905 788 3954 Ar.
808 3905 873 3954 adda
896 3910 921 3953 to
941 3906 990 3954 niti
1013 3907 1101 3955 ‘cele-

151 3977 246 4024 tiIment
256 3975 285 4023 of
294 3974 335 4024 the
348 3974 426 4036 Legat
439 3976 613 4036 Purification,
638 3969 706 4023 riua’

150 4044 404 4105 andcouaequently'
397 4059 423 4092 ιιι
434 4044 474 4093 his
486 4045 536 4093 and
548 4044 613 4092 their
673 4041 810 4104 '‘aexto·
826 4042 873 4092 Ar.

135 4117 447 4176 'personaaconearreace
457 4115 517 4163 both
528 4113 558 4162 of
570 4114 612 4163 tha
673 4110 829 4161 '‘manaum
856 4126 931 4160 auum
959 4111 991 4159 de
1020 4111 1104 4158 Folle·

152 4185 214 4233 Low
225 4184 275 4233 and
286 4183 327 4232 tha
340 4183 446 4244 Goapel.
638 4177 714 4242 tum;'
734 4177 801 4231 n‘A.
838 4175 1007 4239 ‘Phuihams
1024 4181 1063 4228 M.
