2940 4950
176 923 251 971 lienry

175 973 264 1012 invades

696 474 769 523 Nic.
787 473 936 522 rtttvssut

368 662 497 699 amau.
586 661 611 696 r.
624 660 786 696 romanorun
800 661 826 696 n.
920 658 1073 694 rarrooaurs
1127 659 1275 695 naumann

390 747 478 783 scrut.
537 746 640 782 suasuri
652 746 690 782 111.
718 641 1106 870 tranantur.
1134 746 1267 783 mensus

619 838 626 852 .
803 836 810 852 .
979 806 1020 852 lo.
1213 840 1221 852 .

390 926 603 1002 HennrcuS,
616 924 842 990 Normanniae
854 925 938 1003 dux,
948 926 1177 1009 imperatricis
1188 927 1302 1006 iilius,

176 1022 280 1072 ΗΜ
339 1025 383 1089 ad
407 1045 552 1108 regnum
571 1024 722 1106 Angliae,
744 1026 835 1106 quod
864 1026 930 1089 sibi
952 1034 1110 1090 materno
1131 1024 1215 1110 jure
1239 1026 1301 1093 de-

338 1125 498 1203 bebatur,
520 1124 700 1201 anhelam,
722 1132 965 1207 occupatorem
986 1123 1062 1207 ejus
1079 1143 1194 1207 regem
1213 1125 1301 1192 Ste-

339 1224 493 1309 phanum
526 1226 561 1289 in
594 1242 698 1287 manu
734 1224 868 1305 potenti
906 1223 1032 1289 statuit
1060 1216 1301 1306 ¹expugnare.

340 1325 563 1390 Immunitam
594 1331 710 1388 tamen
742 1323 861 1387 nolens
893 1323 1085 1406 relinquere
1119 1322 1302 1389 Norman-

339 1427 445 1503 niam,
471 1445 513 1490 eo
539 1423 632 1507 quod
656 1441 772 1504 regem
803 1423 1015 1487 Francorum
1041 1421 1191 1487 habebat
1217 1442 1300 1488 sus·

340 1532 478 1608 pectum
509 1522 678 1609 (sororem
711 1540 857 1605 namque
890 1522 1045 1605 ejusdem
1070 1521 1299 1601 Eustachius,

340 1623 507 1704 Stephani
543 1623 635 1702 regis
674 1621 778 1699 iilius,
813 1641 957 1685 uxorem
996 1617 1164 1705 duxerat)
1197 1614 1300 1687 'cum

340 1723 494 1785 exercitu
516 1728 649 1785 tautum
670 1720 1059 1803 centumquadraginta
1081 1719 1243 1797 militum,
1262 1731 1300 1788 et

341 1821 451 1885 tribus
463 1819 613 1883 millibus
631 1819 796 1901 peditum,
811 1839 848 1883 se
866 1821 900 1883 in
919 1818 1083 1901 Angliam
1101 1821 1300 1888 transtulit.

342 1918 605 1984 Confluentibus
632 1926 747 1982 tamen
775 1919 818 1982 ad
846 1938 924 1982 eum
945 1919 1112 1983 militibus
1142 1912 1299 2000 Aegide,

341 2019 402 2100 qui
436 2018 585 2103 justitiae
619 2018 694 2100 ejus
728 2018 839 2081 zelum
870 2019 1049 2099 gerebant,
1087 2018 1130 2081 de
1168 2019 1225 2083 die
1260 2020 1298 2084 in

342 2118 432 2182 diem
458 2119 534 2201 ejus
556 2118 729 2180 exercitus
752 2118 956 2199 augebatur.
1008 2117 1154 2182 Obsedit
1177 2127 1300 2183 autem

343 2216 455 2301 primo
480 2217 702 2281 munitionem
724 2210 1003 2292 ³Malmesbiriae,
1022 2217 1081 2280 ubi
1105 2215 1197 2299 regis
1216 2217 1301 2283 Ste-

343 2317 449 2401 phani
464 2325 539 2381 erat
556 2316 766 2400 praesidium.
806 2315 873 2380 Cui
887 2335 949 2379 rex
964 2334 1043 2379 cum
1060 2334 1123 2380 suo
1138 2317 1301 2383 exercitu

342 2416 597 2499 superveniens,
622 2435 685 2480 uec
700 2415 820 2479 ducem
839 2415 882 2478 ad
906 2423 1063 2497 apertum
1087 2415 1199 2498 praelii
1214 2435 1304 2482 con·

342 2534 498 2597 gressum
515 2534 668 2591 evocare,
684 2534 747 2578 uec
758 2514 971 2578 obsidionem
987 2516 1101 2597 potuit
1116 2534 1299 2598 amovet-03

343 2614 532 2696 quinimmo
562 2621 681 2677 contra
710 2621 825 2677 castra
851 2614 992 2677 hostilia
1019 2615 1187 2678 excubias
1214 2635 1300 2697 pro·

343 2713 486 2775 lixiores
512 2711 635 2789 facere,
659 2723 835 2776 crescente
860 2720 1033 2795 potestate
1061 2714 1219 2788 adversa,
1243 2723 1304 2781 tu·

345 2821 418 2877 tum
445 2812 584 2876 minime
613 2820 790 2895 reputans,
814 2812 895 2875 dum
924 2813 1125 2890 discederet,
1152 2813 1302 2880 obsessa

344 2912 490 2977 munitio
507 2914 542 2976 in
563 2912 751 2976 obsidentis
774 2913 912 2977 transiit
930 2919 1149 2994 potestatem.
1195 2912 1301 2977 Jam-

343 3033 411 3095 que
426 3012 644 3076 incrementis
662 3011 798 3086 virium,
821 3019 856 3075 et
873 3011 1038 3075 felicitate
1061 3031 1300 3092 successuum,

343 3112 441 3175 ducis
463 3112 573 3193 gloria
596 3111 785 3175 adversarii
810 3130 934 3175 nomen
956 3112 1088 3193 regium
1111 3112 1301 3176 adumbra-

343 3211 406 3275 vit.
476 3211 558 3274 Dux
589 3210 667 3274 inde
697 3230 774 3274 cum
805 3211 959 3274 exercitu
989 3212 1159 3276 instructo
1187 3211 1299 3276 Stan-

343 3309 489 3374 fordiam
510 3304 628 3386 *adiit,
660 3329 731 3393 qua
758 3309 915 3374 celeriter
943 3319 1157 3393 expugnata,
1183 3312 1302 3376 muni-

342 3411 470 3474 tionem
487 3410 562 3494 ejus
574 3411 676 3492 cepit,
690 3409 786 3490 regio
802 3408 914 3492 ejecto
932 3410 1101 3493 praesidio.
1138 3408 1300 3475 Audiens

343 3519 457 3573 autem
474 3510 592 3574 villam
609 3505 805 3591 ⁵Gipewici,
829 3528 907 3592 quae
930 3509 973 3573 ad
997 3510 1094 3573 ducis
1117 3528 1155 3573 se
1176 3519 1300 3591 partes

343 3608 581 3683 transtulerat,
602 3608 749 3671 obsideri
768 3627 898 3689 aroge,
921 3609 1003 3673 illuc
1026 3616 1209 3691 properat;
1234 3611 1299 3674 sed

342 3827 411 3875 mitis
422 3828 498 3888 filius,
509 3827 639 3888 dispositis
656 3841 701 3887 pro
712 3841 806 3888 augus·

342 3898 378 3944 tia
392 3897 511 3957 temporis
528 3897 604 3944 rebus
616 3897 762 3957 Aquitaniae
779 3903 805 3945 et
865 3893 876 3927 ³
893 3898 1099 3948 ‘blalmesburiae
1109 3893 1123 3959 ;’
1135 3897 1174 3947 M.
1186 3902 1212 3946 et
1224 3899 1274 3951 Ar.

343 3965 515 4022 Normanuiae‚
541 3966 573 4014 de
601 3981 677 4029 regno
702 3966 804 4028 Angliae

342 4038 410 4098 quod
424 4038 484 4098 jure
500 4036 636 4098 perspicuo
648 4036 805 4096 competebat
866 4037 875 4065 ⁴
891 4037 964 4086 ‘adit
974 4032 989 4097 ς’
1001 4032 1069 4087 D'A.

341 4107 459 4156 fraudare
471 4121 520 4154 non
531 4105 631 4167 patiens
647 4106 733 4166 animi,
744 4107 805 4155 licet

340 4179 441 4297 gllltil
457 4177 538 4226 arduo
549 4174 706 4237 difficilique,
723 4176 803 4224 inten-
857 4173 1050 4295 '‘h‘Gipeswici
1061 4173 1074 4238 ;'
1087 4178 1126 4226 M.
1136 4181 1160 4225 ct
1172 4178 1220 4227 Ar.
1241 4179 1303 4244 lps-

360 4263 394 4308 r;
444 4263 466 4298 r.
830 4261 905 4295 wrc.
