2940 4950
520 470 705 519 aurnuns.
1027 455 1092 519 183

129 626 194 689 bus
233 626 443 705 confiscatis,
481 628 524 691 de
560 635 653 691 terra
690 629 756 691 sub
794 626 910 691 edicto
949 627 1088 708 publico

131 717 378 809 ¹.expellnntur

181 826 251 891 His
282 827 494 910 temporibus
528 827 653 892 claruit
687 828 722 889 in
755 827 928 890 territorio
959 827 1085 892 Belva·
1098 842 1218 933 Ettnsnpu·

127 928 224 990 censi
253 919 465 991 ²Elinandus
493 927 694 1002 monachus,
727 928 787 1009 qui
817 926 1012 990 chronicam
1040 930 1084 992 ab

127 1026 230 1091 initio
254 1027 372 1090 muudi
399 1047 506 1110 nsque
537 1028 579 1091 ad
613 1035 748 1108 tempus
773 1046 873 1089 sunm
902 1027 1085 1108 diligenter

126 1126 357 1209 conscripsit:
387 1127 495 1191 edidit
512 1136 547 1191 et
569 1127 656 1191 duos
682 1126 798 1201 libros,
823 1146 927 1190 unum
952 1127 994 1190 de
1016 1128 1083 1192 Re-

129 1226 261 1307 gimine
288 1226 502 1309 Principum,
531 1236 566 1291 et
593 1226 698 1289 alium
728 1245 829 1307 quem
859 1226 901 1289 de
932 1226 1083 1293 Planctu

127 1318 314 1390 'Monachi
330 1326 441 1391 voluit
457 1326 636 1409 appellari.
684 1324 859 1388 Henrieus
880 1324 1083 1390 Graecorum

126 1425 326 1506 imperator,
344 1427 539 1491 coadunato
554 1426 721 1501 exercitu,
737 1433 860 1489 terram
876 1445 1084 1507 pervagans,

126 1526 328 1591 resistentes
350 1526 510 1610 subjecit,
534 1536 569 1591 et
599 1524 776 1608 subjectos
803 1525 944 1607 paciliee
967 1526 1084 1590 vivere

126 1626 266 1706 coegit3
288 1626 533 1691 dominationis
554 1646 627 1691 suae
650 1625 812 1689 terminos
837 1625 989 1707 undique
1013 1645 1084 1689 am·

125 1725 241 1808 pliaus
279 1736 315 1790 et
348 1726 509 1791 dilatans.
570 1726 727 1790 loannes
757 1745 820 1789 rex
857 1723 1006 1806 Angliae,
1042 1726 1084 1789 de

127 1824 300 1889 Hibernis
330 1834 455 1908 quarte
484 1826 646 1891 calendas
676 1824 888 1906 Septembris
920 1845 1084 1907 prospere

125 1943 297 2002 reversus,
317 1926 360 1989 de
379 1927 526 1990 abbatiis
549 1927 696 2008 aliisque
717 1925 953 2006 religiosorum
976 1925 1085 1988 domi·

126 2025 204 2100 bus,
241 2031 277 2088 et
307 2027 480 2108 praecipue
508 2025 803 2101 Cisterciensium,
836 2026 954 2106 exegit
982 2025 1082 2088 talla-

124 2125 221 2205 gium
239 2125 340 2189 nimis
356 2145 474 2206 grave.

142 2352 598 2391 b.tt.1.c.1².uomxonbrtu.
712 2354 864 2388 PRANCORUM
917 2352 1055 2387 ANGLORUM

160 2442 248 2479 nccxr.
294 2444 440 2480 rrnoenrrn
452 2445 493 2480 nr
510 2443 618 2478 orneris
631 2442 666 2478 iv
713 2442 868 2478 rnrnrrrrn.
937 2440 1041 2475 soranis

551 2504 628 2548 2..l³
773 2504 813 2545 ³0
974 2501 1015 2546 12.

177 2658 334 2723 Ornortn
370 2659 577 2722 auctoritate
612 2658 804 2739 apostoliea
840 2658 1205 2735 corrdemrrato,rnnnor

124 2758 297 2841 principes
317 2757 530 2822 Alemanniae
558 2757 776 2820 Fredcrieum
800 2777 915 2837 regem
942 2758 1080 2834 Siciliae,
1095 2739 1226 2788 '¹¹‘⁰¹²¹¹'¹¹⁸'

125 2856 272 2923 Henrici
304 2858 478 2940 quondam
509 2858 727 2939 imperatoris
760 2877 804 2919 cx
836 2877 954 2920 serore
987 2857 1079 2920 Cen-

123 2959 257 3023 stantia
280 2967 453 3041 nepotem,
476 2956 583 3020 lilium
600 2956 768 3021 Willelnri
791 2957 964 3039 quondam
988 2959 1079 3037 regis

124 3056 267 3134 Sicilie,
305 3058 341 3121 in
381 3077 496 3138 regem
527 3050 681 3138 ⁴eligunt
712 3057 975 3134 Romanorurn3
1020 3058 1080 3139 qui

126 3156 276 3221 Remum
301 3158 453 3233 senione,
479 3156 666 3220 honorilice
695 3157 893 3237 suscipitur,
923 3164 958 3219 et
984 3164 1079 3218 tran-

125 3258 257 3321 scensis
286 3253 435 3339 Alpibus
474 3255 716 3319 Alemanniam
756 3257 943 3336 ingressus,
986 3255 1078 3335 apud

126 3356 348 3437 Magantiam
392 3356 427 3419 in
466 3375 581 3437 regem
625 3354 842 3419 Alernanniae
881 3362 1078 3417 coronatur.

127 3456 209 3520 Rex
234 3455 373 3536 Angliae
400 3455 555 3518 Jeannes
576 3454 745 3518 Galenses
768 3452 973 3516 rebellantes
999 3454 1080 3515 sub-

125 3556 211 3637 egit,
243 3556 304 3637 qui
332 3554 554 3618 nibilominus
583 3555 767 3635 resumptis
796 3553 926 3615 viribus
955 3554 1078 3616 iterum

124 3654 245 3719 eedem
269 3674 359 3718 anno
381 3653 548 3736 Angliam
576 3653 798 3716 infestabant.
851 3651 976 3716 Nuntii
1006 3654 1080 3717 nrit-

124 3762 248 3819 tuntur
260 3754 295 3817 in
307 3752 469 3836 Angliam
483 3773 503 3816 s
518 3773 610 3836 papa
629 3753 831 3817 Innocentio
850 3752 1079 3833 Pandulphns

126 3862 161 3919 et
189 3854 389 3930 Durandns,
420 3862 459 3917 nt
487 3856 516 3916 si
547 3872 616 3934 quo
645 3852 746 3916 morlo
774 3862 927 3934 possent,
961 3871 1078 3934 pacem

124 3954 347 4035 interregem
366 3964 400 4017 et
415 3952 709 4034 archiepiscopum
726 3960 961 4034 procurarent.
1015 3951 1079 4011 Eo-

161 4176 169 4208 ¹
186 4180 347 4242 ‘expellente
357 4174 371 4239 3'
383 4180 422 4228 M.
432 4183 457 4228 et
469 4179 516 4228 Ar.
600 4186 604 4205 ¹
649 4177 660 4208 ³
676 4181 683 4206 ‘
695 4178 815 4227 lleuuclri
827 4177 893 4237 lapsi
904 4176 919 4235 ;’
931 4176 970 4222 Μ.

160 4246 172 4277 ¹
187 4248 355 4299 ‘minander
366 4246 382 4311 ς’
393 4249 432 4299 Μ.
443 4253 468 4298 et
478 4248 527 4297 Ar.
600 4208 604 4307 l
649 4248 660 4278 ⁴
676 4241 843 4311 ‘elegerunts
859 4245 903 4293 Ar.
