2948 4942
407 434 472 498 182
765 449 839 496 uic.
862 448 1010 496 rnrvnrr

408 609 515 673 travit
532 605 684 690 Apuliae,
702 607 860 671 auferens
882 606 967 670 illud
989 607 1062 688 regi
1085 604 1212 669 Siciliae
1238 604 1363 669 Frede

409 709 492 772 rico.
530 707 625 771 Crux
639 715 760 771 contra
772 706 979 788 Albigenses
993 707 1036 770 de
1051 706 1215 769 mandato
1232 705 1363 768 domini

410 827 510 891 papae
534 808 568 870 in
589 808 736 871 Francia
759 807 978 890 praedicatur.
1031 799 1234 869 ¹Multitudo
1256 805 1364 885 igitur

411 906 624 971 Gallicorum
654 916 776 971 contra
809 906 887 970 fidei
921 905 1061 987 refugas
1100 905 1265 987 prosecta,
1301 904 1364 968 ad-

405 1006 531 1090 juncto
562 1008 627 1071 sibi
656 1008 781 1071 comite
811 1006 1022 1081 Tholosano,
1054 998 1221 1069 ²Viterim
1253 1004 1364 1087 primo

410 1126 452 1170 ac
483 1106 606 1171 deinde
636 1106 867 1171 Carcasonam
902 1105 1061 1169 obsident
1085 1112 1122 1168 et
1148 1111 1365 1187 expugnant.

412 1205 569 1289 Moxque
593 1207 764 1271 reversuri
790 1206 834 1269 ad
855 1205 1007 1288 propria,
1030 1205 1187 1269 comitem
1214 1203 1365 1269 Montis·

410 1305 510 1370 fortis
536 1306 722 1384 Simonem,
744 1305 855 1370 virum
881 1304 985 1369 armis
1011 1312 1191 1368 strenuum
1218 1314 1253 1367 et
1280 1323 1364 1367 con·

410 1405 488 1470 silio
506 1406 704 1483 discretum,
727 1405 792 1470 toti
810 1404 1002 1487 praeficiunt
1020 1405 1164 1485 regioni.
1217 1402 1283 1467 Cui
1301 1403 1363 1467 ad·

410 1504 547 1569 modum
565 1506 743 1569 familiaris
760 1513 835 1569 erat
852 1506 975 1568 beatus
990 1503 1206 1579 Dominicus,
1223 1511 1366 1586 propter

411 1624 625 1668 communem
656 1607 766 1669 zelum
795 1603 961 1668 adversus
993 1603 1233 1667 haereticorum
1264 1602 1367 1686 perli-

412 1703 523 1781 diam3
557 1712 678 1768 contra
713 1724 801 1787 quos
836 1703 895 1767 ille
934 1703 1105 1767 materiali
1136 1703 1265 1784 gladio,
1298 1703 1366 1766 iste

411 1803 584 1884 spirituali
611 1806 669 1886 qui
694 1811 748 1868 est
778 1804 918 1867 verbum
947 1803 1031 1880 Dur,
1059 1803 1197 1866 assidue
1223 1802 1366 1866 dimica·

411 1902 507 1966 bant.
560 1903 668 1986 Hugo
701 1902 885 1968 Welleusis
918 1903 1192 1979 archidiaconus,
1228 1921 1366 1984 germa-

412 2021 477 2065 nus
501 2000 524 2065 J
527 2003 651 2068 ocelini
676 2003 931 2077 Bathoniensis‚
960 2003 999 2067 iit
1024 2002 1276 2067 lincolniensis
1295 2004 1365 2086 epi-

411 2121 548 2184 scopus.

1193 2337 1333 2374 ANGlelli
1370 2358 1375 2369 .

1134 2446 1141 2460 .
1209 2425 1314 2460 JOANNlS

251 2654 401 2698 rnnooenun.
463 2636 716 2700 Innocnnrms
739 2657 831 2720 papa
853 2639 890 2702 in
916 2638 1089 2703 Othonem
1112 2639 1368 2722 imperatorem,

250 2705 397 2747 excommuni-

250 2756 353 2797 mmne
414 2735 568 2799 ecclesiae
596 2734 766 2799 Romanae
799 2737 971 2814 rebellem,
1003 2740 1370 2807 excommunicationis

250 2816 347 2856 emperor
355 2805 379 2844 ot

251 2858 386 2946 cefflnpm
414 2834 620 2898 sententiam
636 2835 843 2913 fulminavit,
864 2838 1104 2921 principesque
1125 2837 1306 2903 Teutoniae
1324 2843 1370 2905 ab

250 2918 279 2997 dl
285 2917 401 3007 nhil
412 2934 488 3017 ejus
510 2933 676 2999 fidelitate
698 2936 871 3016 absolvit;
895 2956 936 3001 ac
960 2939 1098 3022 nequis
1117 2957 1194 3002 cum
1219 2941 1369 3022 impera·

413 3042 523 3098 torem
558 3034 749 3117 appellaret
780 3037 960 3101 interdixit
991 3039 1056 3101 sub
1087 3039 1370 3105 interminatione

413 3133 655 3198 anathematis.
708 3135 1033 3201 Excommunicavit
1055 3138 1159 3203 etiam
1181 3137 1205 3201 J
1208 3158 1369 3219 oannem,

413 3253 530 3314 regem
563 3232 715 3315 Angliee,
752 3255 815 3318 pro
855 3254 897 3300 eo
938 3237 1031 3319 quod
1072 3237 1369 3322 archiepiscopum

412 3332 626 3415 Stephanum
663 3334 706 3397 ad
745 3354 844 3399 suam
883 3337 1065 3400 ecclesiam
1101 3336 1264 3402 accedam
1298 3359 1371 3404 non

252 3452 309 3492 nun
412 3433 579 3513 permisit.
631 3432 786 3498 Joannes
813 3454 894 3498 vero
919 3455 982 3499 rex
1011 3436 1130 3501 eodem
1156 3455 1247 3501 auno
1275 3439 1370 3503 circa

251 3503 374 3592 ifflff'
412 3531 537 3594 festum
560 3532 596 3596 S.
614 3532 762 3597 loannis
785 3533 956 3617 Baptistae
980 3536 1156 3618 proiectus
1177 3538 1213 3600 in
1238 3537 1369 3603 Hiber·

414 3631 519 3706 niam,
538 3633 671 3713 expulit
688 3633 768 3697 inde
785 3634 973 3716 Hugonem
991 3635 1033 3699 de
1050 3634 1147 3713 Laci,
1166 3638 1251 3700 etin
1269 3657 1370 3702 suam

414 3729 578 3792 ditionem
610 3731 743 3814 redegit
778 3741 889 3798 totam
928 3740 1067 3812 terram,
1104 3735 1254 3800 Catholo
1287 3757 1371 3821 rege

415 3827 601 3892 Connaciae
631 3831 853 3915 triumphato.
906 3832 929 3897 J
934 3834 1022 3898 udaei
1054 3854 1115 3916 per
1145 3843 1254 3900 totum
1289 3857 1372 3920 reg·

415 3948 496 3993 num
522 3928 660 4011 Angliae
688 3934 920 4013 captivantur,
944 3941 980 3998 et
1000 3933 1099 3997 honis
1122 3954 1239 3999 eorum
1262 3938 1375 4002 omni·

452 4157 573 4208 ¹‘Multi
586 4158 744 4209 Gallicorum
760 4165 807 4209 etc.
824 4176 881 4223 pro·
940 4159 1016 4211 ’For
1043 4158 1210 4226 ‘Bitcrias;'
1258 4164 1373 4217 neuen.

415 4230 476 4278 fecti
484 4225 498 4290 ,¹
512 4230 551 4280 M.
563 4235 586 4278 et
598 4229 646 4280 Ar.
905 4227 1046 4297 u‘Aetery.
