2940 4950
233 805 343 879 namur

231 878 373 976 hhrtware

231 987 283 1066 aon
293 977 373 1016 broken

393 437 459 500 252
755 453 828 501 nic.
844 453 992 500 rnrvnri

392 611 471 676 fuso
492 610 643 675 clamore
666 610 860 691 congessit,
876 618 912 674 et
928 611 1027 694 jactu
1051 609 1117 672 luti
1136 617 1171 672 et
1198 609 1351 691 lapidum

394 711 437 774 ad
454 711 576 774 turrim
595 710 710 791 coegit
727 711 865 773 reverti.

446 808 562 891 Igitur
579 811 670 871 inter
691 828 804 888 regem
828 816 865 871 et
883 806 1042 870 comitem
1067 807 1134 870 sub
1156 807 1210 871 his
1234 806 1353 871 condi-

396 909 547 972 tionibus
575 928 646 990 pax
673 908 863 970 formaturz
901 904 1072 980 videlicet,
1100 907 1200 970 utin
1230 907 1351 988 primis

396 1007 570 1070 Henricas
591 1006 682 1088 regis
705 1005 920 1069 Alemanniae
944 1004 1047 1080 filius,
1067 1005 1128 1087 qui
1156 1012 1240 1068 tunc
1257 1005 1349 1088 parti

395 1107 531 1169 comitis
563 1113 686 1169 contra
722 1124 837 1185 regem
868 1103 1048 1167 adhaerens
1080 1111 1204 1185 captus
1242 1114 1279 1167 et
1314 1105 1349 1167 in

395 1205 553 1269 custodia
576 1205 736 1268 detentus
757 1203 882 1279 fuerat,
905 1202 1129 1279 liberaretur3
1162 1202 1285 1266 deinde
1312 1213 1351 1266 nt

396 1313 511 1368 castra
531 1305 622 1386 regis
645 1302 761 1367 omnia
778 1322 840 1386 per
862 1309 973 1367 totam
993 1300 1159 1382 Angliam
1180 1302 1348 1366 baronum

395 1402 562 1467 custodiae
589 1403 826 1480 traderentur;
855 1402 936 1465 item
966 1408 1005 1463 ut
1030 1400 1253 1464 Provisiones
1277 1401 1352 1464 Ox-

397 1504 487 1565 oniae
511 1502 754 1565 inviolabiliter
782 1508 1014 1575 servarentur,
1042 1509 1078 1562 et
1107 1499 1199 1581 quod
1230 1520 1349 1564 omnes

396 1601 599 1681 alienigenae
628 1601 719 1663 infra
751 1608 882 1664 certum
920 1606 1057 1679 tempus
1086 1597 1232 1680 regnum
1268 1617 1352 1663 eva-

396 1708 549 1775 cuarent,
574 1699 730 1781 exceptis
753 1698 806 1761 his
832 1716 977 1780 quorum
1002 1716 1134 1761 moram
1163 1697 1282 1762 fideles
1308 1699 1352 1762 de

397 1817 516 1878 regno,
539 1817 680 1861 assensu
710 1798 875 1871 unanimi,
899 1805 1143 1878 acceptarent;
1176 1804 1351 1879 postremo

397 1911 435 1959 ut
453 1896 637 1978 indigenae,
654 1917 761 1977 regno
779 1897 897 1961 fideles
913 1903 948 1960 et
963 1896 1078 1970 utiles,
1096 1897 1237 1977 negotia
1250 1897 1348 1978 regni

396 1995 439 2058 de
464 2004 579 2060 cetero
605 1997 668 2060 sub
696 2016 777 2076 rege
803 1995 1036 2077 disponerent.
1097 1994 1177 2071 Sed,
1203 1996 1257 2058 his
1280 2015 1350 2059 non

397 2095 627 2170 obstantibus,
654 2095 780 2159 milites
808 2093 948 2176 quidam
971 2093 1014 2157 de
1037 2101 1135 2176 parte
1157 2096 1251 2176 regis
1273 2114 1349 2158 cas-

396 2203 487 2257 trum
524 2194 566 2257 de
599 2193 816 2257 Windelsore
846 2192 1054 2256 victualibus
1088 2193 1288 2257 munierunt
1315 2203 1351 2258 et

396 2295 513 2357 armis.
566 2293 757 2357 Edwardus
782 2311 864 2356 vero
891 2291 982 2355 filius
1008 2293 1100 2374 regis
1125 2293 1169 2355 ad
1194 2301 1351 2358 castrum

399 2391 554 2456 Bristolli
576 2394 682 2469 venit,
705 2393 763 2456 ubi
783 2393 875 2455 inter
897 2390 1023 2454 milites
1044 2410 1126 2455 snos
1145 2398 1182 2456 et
1199 2392 1350 2456 villanos

397 2492 541 2555 suborta
567 2490 749 2567 discordia,
783 2490 954 2555 avertitur
995 2491 1039 2553 ab
1073 2509 1114 2554 eo
1148 2490 1245 2568 villa,
1275 2493 1350 2575 jam

397 2609 525 2670 parans
547 2591 759 2655 obsidionem
781 2608 908 2671 ponere
936 2590 1029 2652 circa
1051 2596 1227 2669 castrum3
1259 2591 1352 2673 quod

397 2688 580 2751 advertens
605 2689 806 2764 Edwardus,
834 2688 1044 2764 walterum;
1073 2688 1351 2768 Wigorniensem

397 2788 609 2868 episcopum,
635 2790 695 2869 qui
717 2797 849 2870 partem
875 2789 1042 2850 baronum
1066 2787 1163 2863 fovit,
1190 2791 1352 2853 accersiri

397 2884 489 2959 fecit,
513 2893 552 2948 ut
578 2886 613 2947 in
636 2887 712 2969 ejus
738 2887 908 2951 conductu
935 2886 1045 2968 patris
1069 2887 1200 2950 curiam
1226 2889 1349 2965 adiret,

396 2983 570 3064 spondens
595 3004 632 3048 se
657 2987 747 3067 patri
766 2995 802 3050 et
820 2986 896 3070 ejus
918 2985 1062 3051 consilio
1083 3005 1126 3049 ea
1150 3006 1229 3068 quae
1255 2989 1350 3070 pacis

397 3091 497 3146 erant
522 3082 704 3148 efficaciter
727 3085 883 3149 suadere.
934 3083 1117 3148 Profectus
1142 3085 1251 3166 igitur
1272 3105 1350 3150 cum

397 3183 573 3264 episcopo,
598 3203 674 3247 curn
707 3186 1000 3267 appropinquaret
1033 3191 1149 3247 castro
1180 3185 1223 3248 de
1251 3186 1352 3250 Win-

397 3280 543 3358 delsore,
576 3283 750 3363 ingressus
785 3292 838 3347 est
876 3283 986 3358 iilud;
1029 3283 1120 3364 quod
1151 3294 1351 3367 suspectum

397 3379 527 3444 habens
560 3383 743 3463 episcopus
779 3382 868 3445 male
901 3382 992 3446 tulit.
1072 3381 1200 3447 comiti
1233 3392 1350 3448 tamen

397 3478 539 3560 Symoni
565 3500 641 3543 cum
669 3482 734 3543 sibi
757 3480 1024 3556 adhaerentibus,
1054 3482 1251 3546 volentibus
1273 3503 1350 3547 cas·

397 3585 486 3640 trum
518 3580 687 3656 obsidere,
718 3583 867 3644 occurrit
895 3580 1087 3644 Edwardus
1111 3583 1212 3663 quasi
1240 3583 1352 3647 media

396 3676 465 3751 via,
493 3679 584 3740 circa
617 3680 734 3742 villam
765 3679 808 3742 de
839 3678 1049 3761 Kingeston,
1079 3680 1176 3760 pacis
1205 3681 1352 3745 offerens

395 3874 542 3924 Provisions
566 3877 595 3925 oi
615 3879 722 3929 Oriord.
763 3878 856 3929 Chron.
883 3880 961 3940 babiy
984 3880 1095 3942 through
1121 3880 1202 3930 dread
1229 3881 1259 3930 oi
1283 3887 1352 3932 trea-

394 3946 538 3994 Dunstuble
561 3961 630 4008 says,
649 3949 704 3996 that
724 3949 798 3996 when
815 3948 857 3997 the
883 3945 985 4016 chery),
1005 3950 1056 3998 aad
1079 3950 1134 4000 that
1152 3951 1198 4000 she
1218 3966 1273 4001 was
1295 3967 1353 4001 con·

394 4030 475 4075 queen
496 4030 550 4063 was
570 4017 743 4085 driven-back
763 4019 797 4079 by
814 4018 857 4067 the
882 4019 977 4068 ductcd
1004 4025 1030 4068 to
1062 4019 1104 4069 the
1134 4017 1247 4082 bishop's
1273 4021 1352 4071 house

395 4086 461 4145 mab,
473 4086 548 4147 being
561 4086 666 4135 rescued
678 4087 762 4148 hythe
771 4102 859 4149 mayor
883 4095 910 4137 nt
937 4090 974 4137 St.
1001 4084 1108 4148 Paul's;
1137 4089 1233 4140 Chron.
1257 4091 1353 4142 Dunst.

394 4155 423 4202 or*
442 4156 553 4216 London,
571 4157 612 4204 the
631 4157 693 4218 king
710 4157 813 4206 refused
832 4164 857 4206 to
884 4174 909 4220 p.
932 4162 989 4208 8⁵⁷.
1038 4154 1118 4219 m,
1149 4160 1277 4222 however,
1306 4162 1353 4210 has

394 4224 473 4273 admit
484 4225 529 4273 her
537 4225 625 4273 within
632 4226 674 4274 the
685 4226 776 4275 Towcr
786 4223 858 4293 (pro-
883 4223 974 4278 ‘curn.’
