2940 4950
578 435 761 484 anninus,
1099 422 1143 487 63

185 591 317 658 Oliveri
349 600 385 656 et
413 592 564 657 Rolandi
597 592 808 658 Dinauensis
834 586 917 676 ¹[se]
946 596 1141 671 convertit;

185 693 304 774 eisque
331 693 563 776 depopulatio,
593 701 721 772 castra,
744 714 822 777 quae
845 693 982 757 Heddei
1006 701 1042 758 et
1058 688 1143 759 ²Be-

186 792 295 856 therel
309 792 482 870 dicuutur,
501 814 562 876 per
577 794 789 858 obsidionem
805 793 940 858 reddita
953 796 1144 858 communi·

185 894 248 957 vit.
314 891 357 955 Iu
382 892 515 957 octavis
542 893 579 958 S.
597 893 746 958 Joannis
772 894 957 976 Baptistae,
982 896 1143 958 conveni-

186 999 284 1056 entes
312 1010 412 1073 reges
435 992 477 1056 ad
502 992 698 1058 firmitatem
717 993 899 1070 Bernardi,
923 1013 1002 1057 cum
1018 995 1144 1076 coepis-

187 1098 266 1155 sent
282 1098 432 1155 tractare
449 1092 492 1156 de
506 1112 602 1175 pace,
629 1092 757 1156 infecto
779 1094 919 1173 negotio
935 1094 979 1156 ab
997 1094 1144 1157 invicem

186 1191 427 1255 discesserunt.
474 1192 581 1255 Multi
594 1200 709 1256 autom
731 1191 774 1254 de
792 1192 976 1256 Britannia
995 1201 1031 1256 et
1050 1192 1145 1258 Pict-

187 1292 268 1355 avia
283 1291 357 1371 regi
378 1291 589 1354 Francorum
606 1285 852 1366 ³adhaeserant,
880 1298 915 1354 et
937 1291 1031 1354 datia
1053 1293 1145 1355 obsi·

186 1390 286 1453 dibus
302 1391 346 1453 ab
362 1389 481 1454 eodem
500 1389 602 1454 fidem
619 1396 837 1473 acceperant,
854 1391 946 1473 quod
969 1391 1043 1453 sine
1061 1391 1145 1472 ipsis

186 1508 306 1571 pacem
328 1509 397 1552 nou
418 1489 546 1554 faceret
568 1509 646 1553 cum
666 1510 748 1572 rege
770 1490 977 1570 Anglorum.
1031 1489 1146 1571 Igitur

186 1608 296 1671 usque
318 1589 362 1652 ad
379 1586 580 1654 Adventum
598 1590 739 1654 Domini
758 1597 905 1672 uterque
930 1597 1039 1654 terras
1061 1589 1146 1653 alte

188 1688 262 1752 rius
278 1688 474 1753 infestabat.

241 1785 337 1853 Obiit
353 1785 469 1851 Guido
489 1789 655 1873 antipapa
676 1789 810 1867 Romae,
828 1795 863 1853 et
877 1787 1046 1852 successit
1059 1789 1091 1852 ei
1108 1789 1144 1852 in
1158 1805 1300 1846 narone

190 1885 375 1949 schismate
406 1880 563 1968 ⁴quidam
601 1888 907 1970 pseudo-clericus,
940 1907 978 1951 se
1013 1856 1260 1951 faciensililllu·¹

190 1984 369 2048 calixtum
390 1985 520 2049 vocari.
573 1982 764 2050 Lumbardi'
780 1986 1039 2052 aedificaverunt
1059 1988 1144 2050 civi·
1157 2003 1289 2045 rounaoan

190 2090 298 2147 tatem
326 2103 396 2146 non
420 2083 523 2164 longe
546 2102 568 2146 a
582 2083 763 2161 Vercellis,
788 2104 893 2167 quam
920 2085 956 2148 in
980 2086 1144 2150 honorem
1157 2054 1252 2144 lidi·

189 2201 290 2265 papae
307 2180 502 2246 Alexandri
518 2191 732 2247 vocaverunt
748 2182 1010 2247 Alexandriam.

208 2409 234 2445 D.
248 2410 273 2444 ll.
285 2408 304 2443 J.
316 2409 339 2444 O.
427 2409 450 2444 P.
464 2407 625 2443 hortationum
639 2408 664 2443 R.
766 2406 918 2441 rathconunr
975 2406 1113 2442 Ahcwatm

215 2494 324 2530 uctxrx.
356 2495 502 2531 stamnum
514 2495 555 2531 ιιι.
571 2495 705 2531 inroraret
717 2494 735 2529 1.
757 2493 873 2529 tonovror
885 2494 932 2532 vn.
972 2493 1076 2528 nannrcr
1088 2494 1116 2530 n.

435 2557 475 2600 ιθ.
607 2556 646 2600 lt.
661 2555 700 2600 1⁷.

243 2695 289 2758 IN
305 2693 503 2776 Epiphania
521 2691 663 2757 Domini
680 2690 879 2756 concordati
896 2698 977 2754 sunt
995 2691 1146 2753 Franco·
1161 2713 1226 2752 rm
1235 2722 1283 2752 aa·

190 2814 266 2857 rum
281 2792 544 2875 Anglorumque
561 2811 672 2875 rogeo.
724 2789 912 2867 Henricus,
935 2790 1026 2854 filius
1047 2763 1253 2853 Heu-illitu

189 2895 251 2957 rici
266 2892 404 2974 Angliae
419 2893 522 2973 regis,
541 2893 615 2972 regi
628 2892 841 2955 Francorum
856 2890 937 2954 fecit
948 2890 1145 2971 homagium
1158 2863 1308 2962 hillidii

190 3013 254 3077 pro
276 2992 491 3072 Andegaviae
510 2992 697 3069 comitatu3
721 2998 756 3053 et
776 2990 948 3055 concessit
969 2990 1001 3052 ei
1023 3009 1087 3053 rex
1107 2997 1146 3054 ut
1159 2964 1244 3004 “m‘'

191 3098 283 3156 esset
300 3089 534 3154 seneschallus
556 3090 724 3165 Franoiae,
742 3088 834 3170 quod
850 3089 894 3152 ad
911 3086 1146 3171 Andagaveu·

192 3209 265 3253 sem
281 3190 482 3253 comitatum
502 3189 657 3252 noscitur
673 3189 856 3271 pertinere.
910 3186 1013 3252 Hauc
1031 3207 1147 3251 senes-

191 3289 364 3364 challiam,
384 3288 449 3365 vel,
465 3295 503 3350 ut
521 3287 712 3369 antiquitus
727 3287 917 3362 dicebatur,
940 3286 1147 3369 majoratum

190 3390 314 3453 domus
331 3388 449 3469 regiae,
468 3386 654 3462 Robertusa
675 3406 737 3450 rex
755 3385 925 3460 Franciae,
949 3385 1043 3449 dedit
1062 3383 1148 3448 Gal·

191 3487 281 3552 frido
308 3486 564 3568 Grisagonella,
587 3486 704 3549 comiti
727 3483 984 3566 Andegavensi,
1008 3491 1149 3567 propter

190 3587 414 3671 adjutorium,
431 3586 524 3667 quod
539 3586 571 3648 ei
585 3584 753 3667 impendit
770 3591 892 3649 contra
908 3584 1147 3667 imperatorem

195 3686 386 3751 Othonem:
411 3685 506 3750 dedit
534 3684 638 3749 etiam
660 3684 823 3766 quicquid
845 3683 997 3749 habebat
1018 3685 1053 3748 in
1076 3687 1148 3767 epi·

228 3943 331 4004 1‘803'
351 3944 436 3994 Hnll’a
447 3945 614 3994 emendation.
685 3943 783 3993 French
812 3943 969 3993 hanalatiou.
1019 3943 1149 3992 Johaunoa

224 4014 235 4047 ¹
253 4010 414 4074 ‘Bechereh’
433 4016 471 4064 M.
482 4020 506 4065 et
517 4015 576 4064 Aa:
593 4015 602 4043 ‘
611 4014 661 4063 Be·
685 4013 845 4076 Sarmieusis,
861 4028 894 4061 uu
911 4014 987 4062 abbot
1002 4012 1065 4059 irom
1080 4012 1149 4059 Pau·

191 4082 327 4144 therlum3'
346 4081 417 4134 D'n.
685 4084 769 4145 nonin,
781 4083 842 4132 took
861 4082 904 4130 the
920 4083 975 4129 title
989 4081 1018 4129 of
1030 4080 1149 4129 calixtus

225 4151 455 4213 ’‘adhreaemnt3’
474 4156 534 4203 Cod.
545 4155 609 4216 Reg.
685 4153 750 4214 111„
768 4154 816 4200 but
835 4151 977 4200 renounced
996 4149 1040 4196 the
1054 4148 1148 4197 schlam

227 4224 354 4276 “Johnu
373 4225 405 4274 de
424 4219 577 4281 Sermione?
608 4221 661 4272 Old
684 4221 770 4271 before
781 4220 945 4269 hisdeathin
958 4221 1030 4268 not.
