2940 4950
549 451 624 497 NlC.
650 451 800 498 rursm

202 614 316 667 torum
344 606 444 686 copia
465 606 684 687 scriptorum,
706 607 768 687 qui
793 606 1060 669 victoriosorum
1091 626 1168 671 me-

15 726 109 801 :..''
202 704 344 765 moriam
367 703 545 766 titulorum
567 713 824 786 perpetuarent,
846 703 1045 767 nullatenus
1062 705 1167 769 adar·

74 799 83 812 '
202 803 335 882 quasit.
380 801 514 864 Ceteris
530 814 646 865 antem
665 814 833 866 terrarum
847 803 1058 878 nationibus,
1076 803 1168 868 licet

203 908 273 961 tarn
291 900 422 980 inclyta
444 900 614 963 scribendi
636 902 793 975 materia,
817 911 852 964 et
875 911 946 964 tarn
971 901 1165 983 multiplex

204 1015 272 1058 non
296 998 443 1073 affuerit,
466 1001 680 1081 propagandi
702 1010 817 1062 tamen
841 1001 988 1063 nominis
1005 998 1166 1064 sollicita

204 1095 342 1159 minime
370 1096 478 1159 defuit
506 1097 697 1178 diligentia,
729 1117 799 1179 qua
831 1098 1050 1180 antiquitatis
1083 1117 1165 1162 snae

203 1204 303 1274 gesta
327 1195 561 1259 memorabilia
583 1197 626 1258 ad
650 1196 796 1259 norellae
813 1197 1029 1260 succedentis
1048 1215 1163 1277 gene·

203 1293 348 1357 rationis
366 1294 536 1368 notitiam,
551 1294 709 1357 detracta
720 1303 911 1377 temporum
925 1294 1066 1377 injuria,
1080 1315 1163 1376 per-

204 1393 371 1455 venirent.

254 1489 359 1554 Hunc
390 1509 435 1553 ex
463 1508 505 1553 ea
535 1490 680 1553 caritate
712 1508 842 1553 morem
875 1490 1045 1565 innatum,
1086 1511 1162 1574 qua

204 1589 332 1670 proprii
357 1587 466 1650 zelum
495 1587 634 1651 honoris
657 1589 870 1669 singulorum
893 1589 1069 1652 mentibus
1092 1592 1161 1653 im·

202 1687 329 1768 pressit
356 1694 492 1760 natura,
520 1688 555 1748 in
582 1686 777 1767 Anglicana
799 1688 1020 1751 observatum
1050 1697 1161 1769 gente

203 1803 312 1864 usque
346 1785 390 1847 ad
431 1784 580 1847 Joannis
620 1787 713 1866 regis
751 1785 949 1866 primordia,
988 1787 1160 1850 omissum

203 1876 319 1964 [Jam]¹
347 1882 528 1959 cernimus,
554 1903 616 1946 sen
640 1882 872 1947 invalescente
900 1884 1044 1961 desidia,
1074 1904 1158 1968 quar

204 1981 331 2046 laboris
345 1982 578 2063 cujuscunque
602 1981 728 2063 refugit
746 1984 962 2060 exercitium,
976 2003 1036 2047 seu
1055 1983 1158 2063 vitio,

204 2100 274 2162 quo
301 2080 449 2162 populus
477 2081 512 2142 in
542 2082 734 2164 principum
768 2101 908 2144 suorum
939 2082 1159 2165 degenerans

204 2179 333 2256 odium,
356 2179 434 2262 plns
456 2179 491 2241 in
513 2199 630 2243 eorum
658 2181 836 2262 vituperiis
863 2201 967 2263 quam
993 2180 1158 2246 laudibus

203 2277 406 2344 delectatur.
456 2277 536 2356 Quo
553 2279 680 2343 sactum
696 2289 762 2354 ost,
779 2289 818 2344 nt
832 2300 999 2344 annorum
1016 2288 1158 2345 centurn

204 2379 326 2460 viginti
353 2385 388 2443 et
416 2379 562 2460 amplius
590 2373 796 2463 ²[historia,]
828 2380 888 2442 vix
926 2381 1022 2442 tenni
1056 2379 1157 2444 chro-

202 2477 457 2559 nographorum
484 2471 661 2557 ³excerpta
687 2476 876 2557 diligentia,
908 2477 944 2539 in
971 2477 1155 2544 moderno·

202 2594 277 2638 rum
306 2573 639 2638 confabulationibus
667 2576 854 2656 probrosiS,
880 2594 1000 2657 regum
1027 2595 1155 2658 praece

202 2671 357 2736 dentium
388 2671 669 2749 detractionibus,
701 2674 783 2738 dum
813 2675 926 2738 aliena
952 2675 995 2739 ad
1025 2674 1155 2738 coelum

204 2768 428 2845 extolluntur,
459 2773 604 2852 turpiter
633 2773 839 2838 obfuscetur.
906 2773 1043 2855 Itaque,
1073 2792 1155 2837 enm

203 2867 390 2951 aliquando
408 2869 442 2934 in
464 2869 579 2934 studio
599 2890 811 2935 moraremur
832 2872 1031 2947 Parisiensi,
1049 2881 1154 2952 gestu

205 2966 415 3037 Francorum
455 2961 822 3049 ⁴Normannorumquo
858 2989 936 3033 cum
969 2969 1045 3033 aliis
1077 2979 1156 3035 stu·

203 3065 299 3130 diosa
314 3066 530 3148 perlegimus
555 3075 589 3131 et
608 3068 769 3150 quicquid
791 3070 964 3132 nationem
986 3070 1155 3150 tangebat

202 3164 434 3248 Anglicanam
462 3165 608 3230 fideliter
638 3169 883 3248 excerpsimus.
935 3167 990 3231 Ex
1014 3168 1154 3250 quibus,

199 3283 281 3335 ,cum
297 3264 350 3330 bis
365 3284 443 3348 quae
457 3264 493 3330 in
509 3265 677 3331 chronicis
694 3264 897 3347 Anglicanis
913 3267 1074 3344 vidimus,
1090 3268 1155 3331 ad-

197 3362 300 3446 jectis
331 3365 505 3430 nonnullis
534 3384 612 3447 quae
641 3365 697 3429 vel
724 3366 865 3448 propria
894 3367 1019 3431 notitia
1047 3366 1155 3432 colle·

202 3465 326 3545 gimus,
352 3465 408 3530 vel
439 3465 505 3529 fide
532 3464 714 3545 dignorum
748 3465 861 3528 relatu
892 3465 1083 3542 didicimus,
1113 3475 1156 3531 ut

202 3563 330 3629 omissa
350 3582 411 3626 seu
431 3563 587 3643 neglecta
608 3563 804 3646 aliqualiter
825 3565 977 3646 suppleri
998 3565 1154 3643 valeant,

201 3679 318 3725 uorum
346 3661 382 3725 in
408 3654 578 3742 ⁵sequenti
605 3681 708 3744 opere
732 3683 851 3745 rogum
875 3670 986 3746 gesta,
1004 3665 1063 3746 qui
1086 3657 1155 3729 ⁶se-

202 3759 349 3824 cundum
383 3759 506 3825 lineum
529 3760 753 3824 masculinam
776 3764 820 3825 ab
839 3761 1154 3842 Andagavensibus

239 3985 245 4018 ¹
260 3989 331 4037 l‘ruru
344 3991 382 4040 M.
391 3991 440 4040 und
452 3990 499 4042 Ar.
725 3987 1065 4052 “Northmannorumqu03‘
1090 3993 1160 4045 eod.

237 4089 370 4141 'Omitted
383 4093 408 4141 in
421 4092 485 4144 Cod.
499 4094 562 4156 lleg.
692 4061 754 4158 nef}
761 4061 1056 4192 ;Πξὲἑέἒιξὲῗῖοἲ)ξ3ῗηῒ’

239 4192 263 4224 ⁸⁴
274 4199 381 4257 excepta
389 4191 405 4256 ;'
425 4197 463 4246 M.
474 4202 497 4245 et
511 4197 543 4245 Α.
723 4197 734 4229 ⁵
746 4204 808 4263 ‘per
817 4196 832 4261 3'
852 4197 919 4250 b‘A.
