2940 4950
410 452 476 518 228
761 471 834 519 uro.
861 469 1008 518 varvnrr

464 630 609 695 Cometa
632 631 794 713 apparuit
823 629 888 694 hoc
918 650 1022 706 anno,
1049 647 1168 693 versus
1197 629 1364 693 orientem

253 738 391 829 gffigggg·
413 730 565 813 dirigens
575 749 707 794 comam
721 749 828 793 suam.
876 730 1006 793 Beatus
1022 728 1259 805 Eadmundus,
1272 728 1366 793 Can·

253 841 389 890 cwterburv·
415 832 597 895 tuariensis
622 830 913 913 archiepiscopus,
930 830 966 892 in
985 828 1112 893 Galliis
1135 829 1226 912 apud
1244 829 1364 892 villam

414 951 492 1014 quae
510 930 636 994 dicitur
650 924 766 1012 ¹Seysi
789 938 977 1010 aegrotam,
998 929 1136 993 tandem
1157 936 1362 1011 praesentem

414 1031 586 1094 miseriam
612 1049 756 1106 exuens,
780 1029 822 1093 ad
855 1037 993 1092 aetemae
1016 1027 1202 1091 viriditatis
1233 1047 1364 1109 pascua

414 1131 583 1207 introivit,
613 1131 670 1192 ubi
700 1148 847 1212 sequens
880 1126 1021 1210 Agnum
1058 1128 1129 1190 Dar
1159 1146 1365 1211 quocunque

415 1230 505 1305 ierit,
520 1231 641 1311 agonis
656 1228 709 1292 sui
725 1230 875 1311 palmam
891 1221 1050 1310 accepit.²
1086 1226 1156 1291 Hic
1168 1246 1190 1290 a
1201 1228 1362 1309 pueritia,

415 1349 477 1411 per
498 1328 748 1392 sanctissimam
775 1335 919 1391 matrem
942 1346 1038 1390 suam
1059 1347 1080 1391 a
1098 1326 1215 1390 mundi
1233 1326 1364 1391 deliciis

416 1431 623 1506 abstractus,
628 1428 643 1512 j
648 1428 771 1511 ejuniis
781 1436 816 1492 et
829 1427 954 1508 vigiliis
966 1446 1102 1503 vacare,
1115 1446 1156 1490 ac
1169 1425 1214 1489 ad
1225 1445 1364 1490 carnem

416 1529 468 1591 uti
499 1527 610 1591 cilicio
638 1527 866 1590 informatur:
899 1545 968 1608 qua
1000 1525 1203 1602 instillante,
1229 1533 1364 1590 tantam

417 1627 566 1690 nominis
583 1626 736 1689 Cuntsvr
755 1625 967 1689 dulcedinem
985 1627 1021 1689 in
1039 1625 1166 1689 tenella
1183 1632 1288 1689 aetate
1311 1627 1365 1708 pie

417 1725 562 1800 biberat,
579 1734 619 1789 ut
635 1725 816 1807 proficiens
835 1724 1021 1788 virtutibus
1043 1744 1118 1789 eam
1137 1725 1172 1788 in
1189 1731 1365 1789 senectuto

418 1824 584 1888 altissime
598 1825 772 1889 retineret.
817 1824 952 1889 Doctor
964 1844 1045 1889 vero
1058 1824 1240 1906 theologiae
1255 1823 1366 1888 factus

419 1923 578 2002 Oxoniae,
587 1925 745 2007 quamvis
758 1924 874 1988 multis
887 1924 1033 2005 legendo
1045 1923 1238 2006 proficeret,
1251 1932 1365 1987 tamen

418 2023 566 2087 assiduis
584 2023 898 2106 praedicationibus,
916 2024 1041 2106 quibus
1063 2024 1247 2106 plurimum
1263 2043 1366 2087 vaca·

418 2124 490 2198 bat,
511 2123 620 2187 multo
644 2122 759 2206 plures
782 2123 825 2186 ad
850 2124 1037 2187 Dominum
1062 2123 1269 2187 attrahebat.
1321 2122 1364 2187 In

419 2223 583 2287 comitiva
604 2243 668 2286 sua
692 2223 817 2287 fratres
841 2222 1093 2288 Praedicatores
1120 2222 1269 2287 habebat
1285 2242 1367 2287 con-

420 2323 527 2399 tinue,
545 2343 689 2404 quorum
705 2342 792 2386 unus
808 2322 908 2386 valde
923 2342 1030 2386 senex
1046 2330 1081 2386 et
1094 2323 1287 2404 religiosus
1304 2322 1367 2386 hoo

419 2422 462 2485 de
490 2442 531 2486 eo
555 2423 653 2488 nobis
680 2422 897 2486 audientibus
927 2422 1053 2485 referre
1080 2422 1224 2487 solebat.
1279 2420 1365 2485 Cum

419 2521 473 2585 die
492 2522 639 2604 quadam
659 2522 811 2604 hospites
827 2523 945 2604 magni
964 2523 1007 2585 ad
1026 2541 1180 2585 mensam
1198 2521 1365 2605 archiepi-

417 2623 513 2701 scopi
536 2622 673 2685 invitati
691 2622 847 2698 fuissent,
865 2622 992 2703 etipse
1014 2620 1058 2686 ad
1080 2622 1259 2704 prandium
1278 2642 1366 2704 prae·

418 2727 471 2780 ter
497 2721 635 2783 solitum
664 2722 816 2785 tardaret
847 2721 974 2798 venire,
1003 2722 1168 2801 magister
1194 2722 1366 2786 Ricardus

416 2819 643 2882 cancellarius
661 2820 827 2903 ejusdem,
843 2822 900 2904 qui
920 2820 1122 2884 familiarior
1139 2822 1170 2883 ei
1188 2831 1264 2885 erat
1277 2822 1366 2886 inter

415 2926 560 2993 ceteros,
578 2919 620 2981 ad
636 2919 816 3000 capellam,
829 2921 863 2983 in
880 2940 949 3003 qua
964 2939 1062 2983 orare
1078 2920 1223 2996 solebat,
1237 2928 1276 2983 ut
1286 2941 1363 2985 eum

418 3027 559 3081 vocaret
584 3019 749 3096 accessit;
779 3027 968 3101 apertoque
995 3020 1250 3102 aliquantulum
1275 3022 1364 3084 ostio

417 3116 669 3199 introspiciens,
694 3117 779 3181 vidit
803 3138 878 3182 eum
904 3138 966 3200 per
990 3138 1152 3200 magnum
1179 3122 1364 3202 spatiuma

417 3222 509 3279 terra
527 3217 712 3292 elevatum,
728 3219 881 3281 curvatis
898 3219 1056 3298 genibus
1073 3221 1245 3300 protensis
1264 3221 1365 3303 junc-

415 3500 504 3541 counts
523 3493 552 3541 ol
572 3494 720 3542 Barcelona.
765 3493 807 3541 He
824 3497 893 3589 wass
940 3490 1125 3554 '‘Scysi;'dr.
1143 3493 1366 3556 Soissi,inthede-

415 3562 551 3610 canonized
571 3563 602 3622 by
622 3562 738 3612 Clement
753 3563 830 3610 Vlll.
851 3565 877 3611 in
903 3567 1029 3623 partrnent
1042 3563 1071 3612 of
1083 3563 1125 3612 tha
1137 3564 1211 3611 Seine
1227 3568 1253 3612 et
1266 3562 1364 3622 Manto,

416 3633 488 3679 16⁰1.
525 3633 632 3680 Besides
650 3633 799 3688 Bollaudus,
818 3633 877 3682 Jan.
902 3632 1050 3682 whitberhe
1062 3633 1112 3682 bad
1124 3635 1187 3682 been
1199 3633 1288 3681 mored
1299 3633 1362 3682 from

413 3700 485 3757 28rd,
503 3715 545 3749 see
563 3702 603 3750 his
618 3702 662 3750 lile
680 3704 704 3750 in
724 3702 816 3754 Quetit
827 3703 876 3751 and
904 3703 1041 3764 Pontigny.
1061 3704 1109 3751 See
1117 3702 1364 3765 Chron.Aug.Cunt.

414 3767 525 3829 Ecbard‚
542 3772 634 3833 Script.
653 3772 717 3820 Ord.
732 3772 809 3821 Pred.
827 3772 876 3821 vol.
903 3773 937 3822 X.
946 3773 1039 3834 Script.
1051 3776 1125 3822 ΜΒ.

415 3838 433 3884 i.
446 3854 472 3899 p.
482 3844 530 3888 loo
541 3847 567 3888 et
578 3856 632 3901 seq.
666 3842 774 3903 Thougb
791 3841 823 3890 he
838 3856 877 3890 re-

413 3909 503 3970 signed
520 3910 560 3958 his
580 3911 649 3959 office
665 3912 694 3959 ol
709 3912 774 3960 head
789 3911 819 3960 of
835 3912 876 3960 the
936 3908 947 3940 ¹
965 3912 1013 3961 For
1029 3912 1071 3960 the
1084 3910 1268 3962 Constitutione
1286 3913 1316 3962 os
1328 3914 1365 3963 St.

413 3978 579 4028 Dominioans
597 3996 628 4028 on
649 3982 690 4028 the
711 3980 816 4042 plenos
834 3981 875 4029 old
903 3981 1031 4042 Edmund,
1054 3980 1140 4030 whose
1168 3996 1285 4031 summe
1314 3997 1366 4032 was

413 4062 461 4108 age
483 4049 509 4097 in
537 4050 577 4098 bis
595 4051 731 4111 simp-tittb
747 4066 817 4112 year,
834 4057 877 4113 yet
902 4050 992 4111 Riobe,
1012 4066 1054 4100 see
1070 4050 1190 4112 wilkins,
1208 4053 1259 4102 vol.
1280 4053 1299 4101 i.
1322 4069 1364 4115 pp.

413 4116 444 4165 he
459 4119 527 4168 lived
542 4120 681 4181 thirty-live
700 4135 774 4181 years
796 4121 877 4182 alten
901 4124 1028 4182 oto-oto,
1047 4121 1096 4170 and
1107 4121 1146 4170 for
1157 4121 1200 4171 the
1216 4123 1270 4171 bull
1286 4123 1316 4172 oi
1325 4124 1364 4172 his

412 4187 505 4249 Script.
519 4191 582 4241 Ord.
600 4191 677 4239 Pred.
695 4190 757 4239 ibid.
776 4206 802 4252 p.
821 4195 877 4253 mv,
901 4190 1073 4240 canonization
1092 4192 1125 4251 by
1137 4191 1259 4241 lunooeut
1274 4192 1321 4242 lV.
1338 4193 1363 4241 in

411 4254 496 4307 eoru.
886 4242 1148 4324 balaamitos.
