2940 4950
579 458 760 506 ruunnns.
1077 443 1141 508 311

192 611 296 677 tudo:
326 613 417 677 unde
438 613 622 678 sedendo
611 634 648 677 ru
674 614 773 690 sella,
797 613 839 677 ad
866 612 930 677 hoc
955 613 1140 680 artificiose

190 711 295 788 sacta,
315 713 496 776 missarum
519 713 687 777 solemnia
706 713 904 777 celebravit.
958 712 1180 818 Philippus
1152 728 1261 770 tumor

189 830 252 874 rex
270 811 512 876 Francorum
501 832 537 875 ru
556 811 770 894 Aragoniam
792 812 979 896 profectus,
999 821 1036 877 ut
1060 834 1138 896 reg·
1150 779 1234 829 Μ
1236 809 1242 819 ’

190 928 272 972 num
293 910 379 975 illud
397 911 504 995 juxta
529 910 749 975 donationem
782 912 941 995 papalem
967 905 1052 975 ¹filio
1072 932 1136 979 suo

188 1008 398 1092 adquireret,
415 1011 590 1075 civitatem
605 1010 797 1074 Girnndam
814 1011 957 1074 obsedit.
1010 1010 1136 1076 Petrus

189 1107 379 1190 Aragoniae
403 1110 576 1193 qnondam
610 1130 684 1188 rex,
716 1111 803 1174 iuito
831 1129 907 1173 cum
931 1110 1136 1192 quibusdam

189 1207 356 1271 militibus
387 1208 532 1273 Gallicis
557 1211 666 1296 (inter
691 1229 777 1292 quos
803 1209 1011 1291 principales
1037 1220 1136 1277 erant

189 1304 364 1371 Radnlsus
380 1308 423 1372 de
443 1308 595 1391 Nigella,
612 1309 889 1372 constabularius
917 1309 1084 1386 Francius,
1100 1319 1136 1376 et

188 1404 345 1469 Joannes
374 1407 417 1471 de
439 1405 639 1485 Haricuria,
668 1407 902 1484 Normannus,
928 1407 1025 1471 miles
1051 1415 1136 1473 stre-

188 1504 375 1569 unissimus
376 1502 405 1589 ,)
418 1506 592 1584 conflictu,
602 1508 815 1584 vnlneratus,
825 1527 862 1572 se
878 1527 956 1571 cnm
968 1508 1039 1570 suis
1054 1510 1135 1571 snb-
1147 1522 1250 1563 Dauos

186 1604 297 1670 traxit
314 1624 336 1669 a
352 1606 483 1687 praelio,
497 1613 533 1669 et
548 1615 703 1671 mortuus
720 1615 774 1671 est
793 1607 828 1669 in
845 1607 951 1670 brevi.
1005 1606 1133 1689 Philip-
1147 1572 1241 1672 ufrossf

187 1721 254 1785 pus
280 1704 492 1769 Francorum
519 1724 592 1783 rex,
615 1714 719 1788 capta
742 1705 901 1769 Girunda
925 1705 1179 1769 hominibus·
1147 1720 1262 1810 33311351

188 1822 257 1885 qne
289 1804 361 1867 suis
389 1805 535 1881 mnnita,
577 1806 743 1888 incipiens
774 1804 939 1868 infirmari
976 1805 1133 1871 discessit
1146 1772 1256 1860 01¹¹?aroe
1257 1798 1270 1860 Γ

186 1921 298 1985 usque
331 1902 604 1986 Perpeniacum3
644 1905 702 1968 ubi
734 1904 966 1968 invalescente
997 1905 1133 1985 aegritu·

187 2000 268 2066 dine
294 2001 337 2065 de
362 2004 525 2083 praesenti
549 2003 625 2067 luce
654 2005 828 2084 migravit.
881 2002 991 2085 Cujus
1013 2021 1134 2066 carnes

187 2106 225 2165 et
256 2101 390 2166 viscera
419 2103 456 2165 in
495 2102 640 2167 ecclesia
674 2102 903 2175 Narbonensi,
938 2119 1019 2164 ossa
1052 2121 1134 2166 vero

186 2200 280 2282 apud
304 2201 340 2266 S.
368 2201 588 2287 Dionysium,
613 2222 673 2265 cor
697 2202 837 2265 veroin
861 2200 966 2263 choro
988 2199 1132 2263 fratrum

188 2297 462 2365 Praedicatorum
480 2301 637 2378 Parisiis,
653 2307 736 2364 sunt
753 2300 906 2363 humata.
944 2299 1133 2362 Huicsnc-
1143 2317 1199 2355 rece
1200 2316 1257 2356 nour

186 2399 292 2463 cessit
318 2397 502 2484 Philippus
528 2400 620 2463 tilius
649 2400 736 2483 ejus,
765 2400 824 2481 qui
851 2397 1001 2462 Pulcher
1027 2327 1257 2478 agno-tigilli?

187 2498 341 2562 minatus
366 2507 420 2563 est
450 2501 495 2564 ob
527 2500 681 2583 corporis
712 2500 860 2610 speciem
894 2496 1132 2562 excellentem.

186 2593 432 2679 Aragouenses
458 2597 670 2663 Gallicorum
696 2618 802 2662 naves
828 2598 862 2660 in
890 2605 991 2680 portu
1018 2596 1133 2660 Rosa·

186 2714 266 2758 rum
293 2704 414 2780 captas
446 2698 633 2775 abducunt,
662 2699 779 2761 urbem
807 2697 911 2761 etiam
939 2694 1132 2759 Girnndam

185 2794 395 2872 obsidentes,
420 2797 531 2878 ipsam
556 2805 592 2860 et
618 2797 772 2861 Gallicos
796 2796 840 2860 ad
868 2796 944 2879 ejus
966 2794 1132 2859 defensio·

187 2912 265 2956 nem
280 2894 462 2960 derelictos
480 2896 523 2960 ad
544 2896 750 2961 deditionem
769 2896 865 2960 brevi
881 2904 1033 2977 tempore
1058 2914 1132 2958 coe-

188 3003 327 3075 gerunt.
374 2993 553 3072 Alsonsus,
580 2996 672 3059 tilius
687 2995 783 3059 Petri
806 2995 977 3078 quondam
998 2992 1131 3074 Arago-

188 3092 258 3174 niae
286 3093 389 3176 regis,
410 3103 508 3177 patre
532 3095 704 3171 defuncto,
731 3114 875 3176 regnum
898 3093 982 3156 illud
1011 3094 1131 3174 guber-

190 3192 343 3255 nandum
372 3195 546 3276 suscepit3
578 3195 668 3257 inter
707 3213 807 3277 quem
838 3200 873 3256 et
904 3192 1009 3254 tiliam
1039 3193 1131 3272 regis

189 3288 330 3372 Angliae
358 3291 557 3356 Alienoram
581 3293 758 3376 sponsalia
784 3299 964 3356 contracta
983 3289 1132 3365 fuerant,

186 3397 288 3473 patre
317 3389 431 3456 adhuc
463 3392 610 3458 vivente.
688 3391 842 3455 Jacobus
879 3397 1007 3463 autern,
1042 3387 1132 3449 filius

188 3488 288 3553 Petri
313 3490 445 3574 junior,
477 3511 554 3555 cum
585 3497 696 3554 matre
728 3488 934 3556 Constantia
961 3485 1132 3551 transiens

187 3588 225 3652 in
243 3588 407 3665 Siciliam,
421 3609 459 3653 se
480 3589 560 3653 fecit
577 3590 733 3653 coronari
748 3590 782 3651 in
801 3608 928 3670 regem.

234 3687 330 3751 Obiit
344 3689 410 3752 hoc
432 3708 523 3752 anuo
539 3688 734 3753 Willelrnus
749 3689 791 3752 de
805 3686 1022 3762 Wikewane,
1041 3685 1131 3749 Ebo-

187 3788 341 3851 racensis
369 3788 660 3870 archiepiscopus,
680 3788 717 3850 in
743 3787 868 3852 Galliis
891 3787 983 3869 apud
1013 3784 1132 3848 Ponti·

187 3886 348 3951 uiacnm:
378 3888 432 3951 cui
451 3885 618 3951 successit
639 3884 661 3948 J
666 3905 795 3950 oannes
816 3887 1007 3959 Romanae,
1024 3903 1133 3947 sacrae

189 3983 374 4067 theologiae
391 3986 514 4049 doctor
529 3984 690 4061 eximius,
708 3986 741 4047 in
764 3986 924 4049 Romana
941 3983 1038 4048 curia
1055 4002 1133 4045 con-

449 4252 457 4273 ⁸
474 4244 542 4293 ‘lilio
552 4259 600 4294 suu
611 4242 703 4293 Carolo
711 4239 726 4303 ς’
739 4242 777 4291 M.
788 4246 813 4289 et
824 4239 871 4289 Ar.
