2940 4950
337 424 406 492 320
686 441 758 488 rue.
784 440 933 487 rnrvnm

174 622 326 672 sciaenae·
340 600 390 663 Le
416 601 508 663 Brus
531 597 690 663 dominus
710 597 824 662 Vallis
851 595 1036 674 Anandiae,
1062 595 1221 662 Joannes
1250 594 1291 661 de

174 675 270 765 3ῗέἷῖ
341 699 490 763 Balliolo
524 698 683 761 dominus
718 696 911 772 Galwidiae,
940 697 1099 762 Joannes
1128 697 1171 761 de
1201 696 1292 761 Has·

175 772 304 864 mappa
341 800 454 879 tinges
481 798 640 862 dominus
666 796 954 878 Abergavenniae‚
985 796 1141 861 Joannes
1170 796 1291 861 Comin

175 872 315 963 {min
341 898 499 962 dominus
513 897 554 960 de
571 896 749 973 Badenau,
768 894 943 959 Patricius
955 896 997 959 de
1014 896 1161 959 Dnnbar
1179 915 1293 960 comes

175 973 311 1064 ἰῖῗιῗῗιῗὲἷι.
341 997 522 1073 Marchiae,
540 995 563 1060 J
567 1015 697 1060 oannes
719 995 762 1059 de
778 994 884 1059 Vesci
906 996 982 1059 vice
999 994 1110 1076 patris
1134 996 1203 1071 sui,
1229 995 1294 1060 Ni-

340 1097 461 1160 colaus
486 1096 528 1159 de
551 1095 663 1171 Soles,
685 1094 882 1159 Wilielmus
906 1093 950 1158 de
973 1094 1062 1170 Rue,
1081 1094 1233 1158 salntem
1258 1094 1293 1158 in

342 1196 503 1259 Domino.
550 1194 637 1258 Cum
663 1213 725 1258 nos
747 1195 783 1256 in
807 1213 914 1275 regno
939 1194 1064 1257 Scotiae
1083 1193 1144 1276 jus
1168 1193 1295 1258 babere

342 1295 533 1371 credamus,
555 1301 590 1357 et
611 1293 671 1376 jus
700 1292 785 1355 illud
804 1312 920 1357 coram
945 1293 1017 1370 illo,
1036 1294 1096 1374 qui
1122 1294 1293 1375 potiorem

342 1402 560 1477 potestatem,
587 1392 875 1476 jurisdictionem,
901 1399 937 1455 et
963 1392 1130 1456 rationem
1159 1394 1293 1456 exami-

343 1494 447 1558 nandi
468 1493 528 1576 jus
554 1498 710 1554 nostrum
732 1490 870 1567 habeat,
892 1490 1080 1567 declarare,
1104 1490 1294 1569 vindicare,

343 1601 378 1656 et
408 1593 553 1674 probare
582 1590 822 1654 intendamus:
860 1590 997 1654 Nobilis
1028 1609 1168 1672 quoqne
1198 1593 1294 1674 prin·

342 1711 423 1772 ceps
441 1691 599 1753 dominns
619 1689 823 1767 Edwardus,
837 1690 952 1770 gratia
970 1690 1041 1753 Dat
1058 1709 1123 1753 rex
1140 1688 1292 1773 Aegina,

342 1809 404 1872 per
428 1792 538 1853 bonas
564 1787 840 1871 sufficientesque
864 1789 1016 1854 rationes
1041 1808 1105 1853 nos
1127 1789 1294 1855 informa·

343 1891 431 1952 verit
462 1888 554 1971 qnod
589 1887 633 1950 ad
667 1908 745 1952 eum
780 1896 915 1971 spectat
951 1895 987 1953 et
1030 1887 1158 1953 habere
1191 1890 1293 1955 debet

341 1987 498 2070 superius
516 1987 703 2051 dominium
728 1989 827 2069 regni
850 1987 989 2061 Sentice,
1007 1996 1043 2052 et
1059 1989 1292 2070 cognitionem

340 2087 376 2151 in
407 2087 589 2163 audiendo,
623 2080 905 2173 ¹[examinando]
938 2094 973 2151 et
1002 2086 1202 2153 diffiniendo
1232 2089 1292 2173 jus

341 2198 517 2251 nostrum:
570 2186 647 2250 Nos
679 2187 721 2249 de
766 2188 907 2269 propria
944 2195 1065 2251 nostra
1099 2188 1292 2265 voluntate,

341 2288 416 2351 sine
442 2287 534 2351 omni
560 2285 725 2350 violentia
747 2294 781 2349 et
809 2287 1000 2364 coactione,
1026 2287 1201 2365 volumus,
1231 2307 1291 2353 an-

341 2388 490 2464 nuimus,
524 2379 595 2467 ²[et
625 2384 870 2473 concedimus]
910 2393 950 2450 ut
983 2387 1193 2470 recipiamus
1230 2387 1290 2472 jus

336 2505 456 2550 coram
470 2505 511 2550 eo
525 2494 699 2568 tamquam
718 2486 887 2567 superiori
904 2485 1043 2551 domino
1056 2495 1168 2551 terrae.
1215 2486 1291 2553 Vo-

341 2584 455 2649 lumus
472 2579 629 2666 ³insuper
649 2592 685 2648 et
706 2585 950 2665 promittimus,
972 2586 1065 2668 quod
1088 2585 1291 2650 habebimus

341 2694 376 2748 et
408 2685 599 2748 tenebimus
628 2683 760 2746 firmum
796 2689 832 2747 et
865 2683 989 2747 stabile
1020 2685 1150 2748 factum
1175 2704 1289 2763 suum,

341 2791 376 2846 et
399 2785 490 2865 quod
516 2784 575 2847 iile
598 2783 737 2846 habebit
763 2802 920 2864 regnum,
946 2783 1002 2847 cui
1024 2802 1140 2847 coram
1165 2804 1208 2849 eo
1232 2785 1291 2870 jus

341 2883 458 2964 potins
468 2882 553 2945 iilud
569 2883 685 2946 dabat.
739 2881 783 2944 In
802 2883 1034 2946 testimonium
1052 2884 1212 2961 istorum,
1228 2904 1290 2949 nos

342 2980 467 3044 litteris
493 2982 569 3044 istis
594 2981 817 3064 apposuimus
841 2981 956 3063 sigilla
976 2989 1106 3047 nostra.
1157 2982 1289 3048 Datum

342 3080 433 3162 apud
450 3077 627 3144 Noreham
654 3080 739 3144 seria
759 3079 861 3144 tertia
886 3083 1046 3163 proxima
1063 3090 1144 3165 post
1161 3080 1291 3147 Ascen-

341 3179 470 3243 sionem
505 3180 657 3256 Domini,
685 3200 777 3243 anno
806 3181 930 3261 gratiae
958 3181 1139 3247 millesimo
1165 3181 1290 3247 ducen-

342 3280 464 3343 tesimo
481 3279 705 3361 nonagesimo
720 3278 853 3361 prim0.'

178 3407 269 3446 savoa
394 3379 504 3443 Facta
534 3372 786 3459 ⁴recognitione
825 3379 1013 3460 superioris
1054 3379 1211 3460 dominii,
1258 3393 1292 3447 et

177 3456 280 3496 demands
290 3467 302 3495 ι

177 3507 277 3555 praten
340 3479 568 3541 submissione
591 3477 776 3559 recipiendi
796 3478 887 3559 quod
909 3498 1025 3543 coram
1045 3498 1127 3561 rege
1153 3478 1291 3564 Angliae

177 3555 323 3644 ssii?Ji⁰⁶¹'
336 3577 414 3659 jure
440 3577 543 3640 suerit
565 3575 759 3653 diffinitum,
783 3578 907 3659 petivit
929 3598 992 3642 rex
1019 3588 1137 3643 castra
1160 3589 1197 3645 et
1224 3590 1291 3645 ter-

177 3654 278 3752 iiiiii,
339 3693 413 3738 ram
437 3683 544 3739 totam
574 3677 639 3739 sibi
659 3676 761 3751 tradi,
784 3684 824 3740 ut
848 3697 909 3760 per
932 3677 1094 3741 seisinam
1111 3680 1291 3761 pacificam

176 3754 310 3842 'b‘ss'irii'e‘m'
334 3774 394 3857 jus
421 3776 607 3857 superioris
634 3774 788 3851 dominii,
821 3777 912 3858 qnod
935 3777 1011 3859 jaim
1037 3798 1207 3860 persnas
1236 3781 1291 3845 lit·

175 3853 278 3941 {iiiiii
339 3881 431 3936 teras
455 3882 740 3955 recognoverant,
762 3875 967 3940 claresceret
985 3877 1168 3942 universis.
1223 3879 1291 3944 An·

338 4096 360 4144 A
375 4025 382 4054 ¹
396 4027 461 4145 {ppo
477 4028 547 4077 word
565 4029 588 4076 is
607 4027 670 4078 from
687 4028 735 4079 Ar.
750 4030 801 4078 und
862 4027 873 4058 ⁸
889 4028 1008 4093 ‘etiarn5'
1020 4030 1068 4083 Ar.

364 4113 385 4144 Υ.
448 4132 453 4145 ι

373 4163 384 4192 ²
398 4167 479 4215 These
498 4167 582 4214 words
600 4182 644 4215 are
664 4167 719 4216 also
738 4168 800 4217 from
863 4168 872 4198 ⁴
887 4172 992 4233 ‘itaque
1002 4172 1019 4231 ς’
1031 4173 1145 4224 inserted
1156 4176 1183 4224 in
1195 4176 1243 4227 Ar.

338 4233 385 4281 Ar.
396 4236 446 4282 and
459 4236 505 4285 Ar.
517 4240 575 4284 220.
