2940 4950
341 444 405 509 108
705 457 942 506 arcuerunt

341 620 431 681 inter
448 618 518 680 alia
534 616 741 680 mentionem
757 615 850 691 facit,
868 614 929 697 qui
946 616 1087 698 scripsit
1107 609 1307 695 ¹Mariale;

341 717 506 800 adjiciens
538 715 631 797 quod
668 717 784 797 imago
815 714 985 797 Virginis„
1017 715 1128 780 fracto
1159 716 1309 782 brachio

342 816 453 898 parvi,
470 823 584 879 vestes
607 834 689 878 suas
713 814 868 878 divulsit.
919 814 1057 879 Asserit
1072 816 1182 879 etiam
1205 834 1246 879 se
1270 823 1307 879 et

342 916 559 994 sanguinem,
575 923 609 978 et
626 920 755 978 vestem
773 913 957 990 divulsam,
972 914 1111 978 vidisse.

205 1042 231 1071 m
263 1043 276 1071 ο
393 1014 589 1090 SaladiuuS,
619 1015 779 1096 princeps
806 1013 984 1090 Damasci,
1010 1013 1199 1078 commisso
1224 1032 1306 1078 cum

267 1093 280 1131 ³
344 1113 551 1177 Christianis
577 1113 710 1195 praelio,
736 1113 845 1176 victor
872 1112 1028 1191 effectus,
1053 1114 1148 1196 cepit
1167 1111 1305 1177 Guido-

344 1233 421 1277 nem
443 1232 556 1294 regem
577 1212 784 1287 Jerusalem,
802 1210 1091 1295 Reyualdumque
1109 1213 1302 1295 principem

345 1311 553 1386 Antiochiae,
577 1320 612 1375 et
635 1311 723 1375 alios
750 1310 1021 1394 quamplurimos
1045 1312 1082 1375 iu
1105 1311 1231 1394 praelio
1251 1312 1304 1376 iu-

344 1412 491 1476 teremit.
538 1412 651 1493 Capta
664 1418 717 1474 est
735 1412 859 1474 civitae
872 1410 1081 1486 Jerusalem,
1096 1409 1303 1494 lignumque

347 1522 479 1577 sancta¹
499 1510 632 1587 Crucis,
656 1519 690 1573 et
708 1510 731 1573 J
735 1509 835 1573 udaea
852 1510 923 1574 fere
944 1517 1030 1587 tota,
1052 1529 1130 1573 cum
1153 1510 1305 1574 civitati-

346 1612 409 1674 bus
438 1611 597 1675 omnibns
626 1610 819 1683 maritimis,
851 1616 978 1690 praeter
1010 1609 1167 1692 Tyrnm3
1202 1609 1304 1692 cujus

345 1709 624 1791 archiepiscopus
661 1709 745 1772 dirae
781 1708 889 1772 cladis
926 1710 1067 1772 nuntius
1103 1707 1148 1771 ad
1185 1710 1304 1773 orbem

347 1806 583 1872 Christianum
607 1810 733 1872 missus
750 1816 815 1884 est,
838 1816 873 1871 ct
893 1808 1090 1890 specialiter
1112 1806 1158 1871 ad
1186 1828 1305 1889 regem

348 1908 540 1987 Anglorum
564 1907 767 1983 Henricum,
789 1908 889 1991 cujus
913 1907 1006 1970 sama
1031 1908 1134 1988 longe
1161 1906 1304 1990 lateque

346 2005 471 2068 dillusa
499 2015 574 2070 erat
600 2027 703 2090 snper
722 2001 867 2070 ²terram
894 2006 1037 2084 divitiis,
1065 2007 1238 2089 potentia,
1263 2026 1304 2072 ac

348 2106 488 2169 virtute.
524 2105 718 2188 Statimque
732 2125 803 2188 pree
821 2106 899 2169 aliis
914 2106 1087 2170 Ricardus
1101 2105 1197 2169 filius
1212 2107 1305 2189 regis

348 2204 553 2286 Anglorum,
577 2206 651 2270 zelo
676 2200 764 2269 ³Der
793 2224 971 2282 accensus,
998 2207 1043 2270 ob
1066 2204 1304 2269 ulciscendam

350 2303 471 2368 Crucis
487 2305 649 2388 injuriam
673 2323 807 2368 crucem
832 2305 1014 2386 accipiens,
1032 2314 1167 2370 ceteros
1185 2324 1305 2369 omues

349 2405 513 2485 praecedit
528 2404 633 2481 facto,
654 2423 741 2486 quos
761 2405 885 2468 invitat
902 2407 1072 2488 exemplo.
1126 2403 1304 2468 Boamun-

348 2503 424 2580 dus,
436 2524 551 2568 comes
564 2504 813 2586 Tripolitanae,
828 2504 1023 2586 quindecim
1036 2505 1159 2569 diebus
1174 2503 1304 2586 elapsis

348 2612 427 2685 post
451 2611 588 2684 captam
607 2604 816 2680 Jerusalem,
839 2603 1044 2685 proditionis
1067 2622 1159 2679 reus,
1182 2623 1304 2667 versus

348 2703 383 2763 iu
401 2704 585 2766 amentiam
598 2704 801 2786 exspiravit.

188 2812 310 2881 ursum.
401 2802 480 2866 Hoc
498 2822 587 2866 anno
608 2804 771 2867 Urbanus
789 2822 893 2885 papa,
908 2822 984 2868 cum
1001 2801 1044 2865 de
1062 2804 1304 2867 transmarinis

187 2872 326 2961 ii‘ek‘i‘rffl
350 2903 506 2983 partibus
537 2912 607 2966 tarn
640 2903 786 2966 flebilem
819 2922 989 2967 rumorem
1024 2901 1194 2979 audisset,
1233 2924 1305 2986 prae

350 3003 454 3065 nimio
477 3002 595 3065 dolore
617 3003 724 3080 obiit;
748 3002 973 3084 sepultusque
996 3001 1103 3064 estin
1131 3001 1306 3079 Ferraria,

349 3121 426 3163 cum
442 3101 588 3165 sedisset
610 3122 678 3165 uno
700 3120 802 3177 anno,
827 3102 1000 3164 mensibus
1026 3100 1157 3177 decem,
1182 3100 1306 3167 diebus

350 3201 474 3281 viginti
500 3202 663 3283 quinque.
706 3200 772 3264 Cui
801 3201 968 3264 successit
994 3198 1186 3280 Gregorius
1210 3211 1307 3267 octa-

351 3319 425 3375 vus,
452 3301 592 3365 natione
617 3301 896 3376 Beneventanus,
920 3301 1017 3383 prius
1039 3298 1153 3362 dictus
1179 3298 1307 3365 Alber·

352 3408 428 3478 tus;
452 3401 511 3482 qui
528 3401 647 3463 eodem
671 3419 775 3476 anno,
796 3400 909 3462 missis
932 3399 1057 3463 litteris
1081 3397 1125 3461 ad
1149 3397 1307 3465 diversas

352 3501 547 3580 provincias
577 3520 640 3582 pro
664 3499 773 3563 Terra
796 3499 935 3574 Sancta,
959 3504 1115 3562 mortuus
1137 3505 1205 3576 est,
1229 3519 1307 3564 cum

351 3599 496 3662 sedisset
512 3620 627 3663 mense
644 3619 722 3674 uno,
742 3599 862 3663 diebus
880 3598 1002 3680 viginti
1020 3605 1165 3679 septem.
1222 3598 1310 3664 Post

352 3701 565 3763 vacationem
594 3719 676 3762 vero
703 3699 834 3762 dierum
862 3699 1016 3779 triginta,
1040 3698 1209 3762 successit
1230 3698 1310 3764 Cle-

351 3818 446 3861 mens
463 3800 598 3875 tertius,
617 3800 755 3862 natione
772 3798 964 3874 Romanus,
985 3818 1029 3861 ex
1054 3806 1154 3878 patre
1167 3796 1309 3864 Joaune

352 3896 492 3961 Scolari.
547 3898 780 3980 Baldewynus
801 3898 1061 3962 Cantuarieusis
1084 3915 1146 3979 per
1171 3896 1311 3964 litteras

352 3999 560 4077 apostolicas
576 3998 767 4079 prohibitus
785 4008 838 4061 est
852 4000 896 4060 ab
913 3998 1135 4061 exsecutione
1151 3998 1310 4065 ecclesiae

352 4114 595 4123 .-—..—-..-.—

388 4164 394 4195 ¹
413 4168 420 4193 ‘
432 4166 576 4224 ltliraculo,'
591 4166 689 4213 instead
702 4166 731 4213 oi
738 4167 745 4192 ‘
757 4166 811 4213 lla·
855 4162 865 4195 ²
881 4168 888 4192 ‘
901 4166 1007 4214 terram’
1018 4166 1040 4213 is
1051 4164 1114 4214 from
1126 4165 1167 4215 Μ.
1178 4168 1231 4215 aud
1243 4170 1293 4220 Ar.

352 4231 430 4298 riale,’
441 4251 473 4285 au
484 4237 585 4285 evideut
596 4235 704 4285 mistffl
711 4251 719 4295 ;
732 4231 799 4284 D'A.
853 4233 863 4262 ³
879 4237 887 4263 ‘
900 4236 951 4284 Dm
959 4231 975 4295 ς’
992 4236 1096 4285 omitted
1108 4236 1134 4284 in
1145 4236 1187 4288 Μ.
1196 4238 1251 4288 and
1262 4242 1311 4291 Ar.
