2940 4950
573 442 756 491 eunucus.
1076 430 1143 495 235

185 598 433 665 deliberatione
470 599 692 681 respondens,
731 600 909 681 negotium
948 601 1065 683 posuit
1105 602 1138 664 in
1154 620 1201 711 me
1203 621 1228 660 n

184 719 364 783 suspenso.
417 698 559 764 Praelati
581 698 732 780 Angiiae,
756 700 820 763 hoc
846 718 938 764 anno
960 682 1193 783 conquestieve
1208 675 1236 710 ’

184 807 267 865 sunt
296 801 370 881 regi
404 800 447 863 de
484 801 707 882 oppressione
741 799 896 863 ecclesiae
922 798 1140 881 Anglicanae,

188 894 307 984 'cujus
324 898 396 963 fere
418 906 609 983 proventus
631 919 750 963 omnes
774 907 809 962 et
834 899 964 963 reditus
984 903 1141 965 extranei

185 1001 423 1083 occupabant;
447 999 695 1081 propterquod
715 1000 881 1081 magistro
902 999 1056 1063 Martino
1078 1000 1140 1064 do·

186 1099 272 1163 mini
298 1119 398 1183 papae
423 1106 507 1163 tunc
528 1099 795 1181 consanguineo,
822 1099 880 1180 qui
901 1101 991 1162 inter
1008 1108 1141 1164 ceteros

187 1199 313 1282 major,
333 1200 549 1281 aliorumque
571 1199 608 1261 in
630 1197 779 1280 negotiis
805 1198 909 1282 hujus
933 1206 1028 1263 tutor
1048 1199 1142 1264 vide-

187 1299 292 1363 batur
325 1306 361 1363 et
381 1299 551 1373 defensor,
584 1306 623 1361 ut
652 1318 796 1379 regnum
824 1298 968 1362 indilate
996 1308 1141 1364 evacuet

189 1400 287 1481 regio
299 1398 484 1462 mandatur
495 1397 619 1461 edicto.
667 1397 867 1461 Bonifacius
883 1391 1141 1476 de²Sabaudia‚

186 1498 318 1579 reginae
333 1496 473 1580 Anglite
489 1497 778 1578 consanguineus,
799 1498 843 1562 ad
868 1497 1142 1581 archiepiscopa-

188 1608 261 1662 tum
288 1595 586 1673 Cantneriensem,
617 1604 824 1679 procurante
851 1617 944 1679 rege,
975 1618 1020 1662 ex
1047 1598 1140 1663 deno

188 1686 314 1762 sunimi
339 1696 512 1781 pontificis
540 1696 753 1761 sublimatur.
807 1695 895 1775 Ode,
922 1698 1141 1763 Tusculanus

189 1798 385 1882 episcopus,
414 1815 550 1862 crucem
582 1797 786 1878 praedicavit
815 1796 852 1860 in
886 1798 1046 1875 Francia,
1079 1818 1141 1881 pro

186 1898 350 1981 passagio
374 1898 468 1980 regis
494 1896 704 1960 Francorum
727 1898 763 1960 in
790 1897 934 1962 Terram
962 1899 1139 1963 Sanctam.

188 1996 235 2061 In
264 1998 421 2081 partibus
450 1997 553 2060 etiem
586 1996 761 2060 Hanoniee
792 1997 891 2060 multi
923 2018 1059 2063 crucem
1086 2017 1140 2062 ac·

188 2096 321 2179 cipiunt
349 2098 385 2161 in
419 2096 609 2161 subsidium
636 2096 851 2178 landegravii
883 2097 1072 2180 Turingiae,
1104 2100 1140 2161 in

185 2215 305 2279 regem
323 2196 557 2262 Romanorum
581 2204 787 2278 procurante
803 2195 942 2260 domiuo
964 2216 1056 2279 papa
1076 2217 1139 2261 nu-

187 2316 252 2381 per
284 2296 395 2373 electi,
431 2303 553 2361 contra
587 2295 790 2371 Henricum,
826 2294 935 2358 filium
967 2295 1141 2360 Frederici

190 2394 352 2479 depositi,
389 2390 539 2480 ³patrem
578 2404 700 2460 contra
740 2394 921 2459 ecclesiam
956 2394 1140 2459 defenden-

189 2501 273 2560 tem.
316 2495 474 2573 Carolus,
492 2495 599 2560 frater
615 2494 707 2576 regis
727 2494 896 2572 Franciae,
914 2495 1020 2558 filiam
1036 2514 1139 2577 quar-

190 2602 264 2660 tam
297 2595 433 2660 comitis
461 2594 655 2659 Provinciae
690 2595 836 2677 accepit,
866 2615 927 2677 per
960 2613 1065 2677 quam
1088 2602 1140 2658 to·

189 2702 264 2760 tum
297 2703 420 2779 posteo
449 2694 570 2759 habuit
600 2695 812 2758 comitatum.
877 2694 1030 2758 Tertiam
1058 2714 1141 2758 vero

189 2792 297 2859 filiam
323 2795 490 2879 ejusdem,
518 2788 695 2858 ⁴Sanciam
724 2795 872 2872 nomine,
901 2795 1050 2859 duxerat
1077 2794 1140 2858 Ri-

188 2893 314 2959 cardus
358 2893 466 2959 frater
504 2894 597 2975 regis
633 2892 784 2974 Angliae,
827 2894 991 2959 defuncta
1028 2895 1141 2977 priore

190 3013 301 3059 uxore
340 2992 503 3071 isabella,
541 2993 662 3057 relicta
695 2994 868 3075 quondam
910 2994 1058 3059 Gilberti
1098 2995 1141 3059 dc

191 3091 305 3173 Clare,
334 3094 378 3159 de
408 3113 480 3177 qua
509 3099 677 3175 genuerat
712 3093 817 3157 filium
851 3096 987 3158 nomine
1015 3093 1141 3158 Henri-

189 3212 281 3258 cum.
333 3193 504 3277 Magister
535 3192 708 3257 Ricardus
739 3192 865 3257 Blundi
893 3193 933 3256 fit
958 3194 1141 3276 episcopus

191 3286 430 3359 'Exoniensis

225 3546 345 3614 ¹‘cujns
366 3551 419 3602 iere
435 3552 533 3602 reditus
552 3555 608 3616 ejus
628 3554 666 3602 et'
679 3543 753 3607 tems
779 3551 838 3600 cm.
858 3551 939 3612 Bega
958 3551 1075 3612 ‘partem
1097 3566 1142 3613 pa-

189 3627 327 3684 proventur
337 3618 475 3684 οιπηοίς
486 3624 525 3673 Μ.
536 3624 619 3673 etAr.
678 3614 748 3679 tris;¹
761 3620 800 3670 M.

223 3720 272 3774 ,i-
283 3724 409 3787 ‘'sm'’
693 3688 783 3809 111ιωιίίί
805 3690 847 3740 the
871 3690 946 3740 MSS
966 3690 1057 3741 heve‘
1066 3693 1142 3743 Scen-

226 3822 340 3877 ⁸Hall’s
366 3827 544 3877 emendation:
572 3827 580 3854 ‘
596 3841 653 3888 par·
678 3774 692 3809 c
713 3827 724 3857 ⁸
740 3829 909 3880 ‘Oxoniensia
918 3827 935 3892 ;'
948 3826 1015 3882 ΠΛ.
