2948 4942
378 463 423 527 92
742 477 813 525 mc.
830 476 978 523 raivnri

376 634 454 699 libri
481 632 627 697 Genesis
656 651 677 696 a
702 651 739 694 se
760 631 834 715 jam
859 650 935 695 esse
960 629 1176 696 translatam.
1229 632 1334 698 Dixit

377 736 481 798 etiam
504 732 595 814 quod
619 730 641 794 J
645 750 773 795 oannes
799 731 1067 814 Chrysostomus
1084 730 1208 796 Graece
1225 750 1336 816 expo·

377 835 449 897 suit
466 839 576 897 totum
596 831 709 895 Vetus
723 831 983 895 Testamentum
998 838 1033 895 et
1048 830 1202 896 Novum.

430 931 611 1008 Emanuel,
629 930 817 1014 imperator
834 928 1252 1014 constantinopolitanus,
1273 931 1335 995 de·

215 1016 269 1045 ‘m
292 1031 297 1043 '
379 1032 429 1097 dit
446 1031 552 1096 filiam
568 1049 666 1094 snam
693 1029 870 1113 Raynerio
893 1030 963 1094 filio
978 1029 1144 1094 Willelmi
1167 1031 1335 1114 principis

379 1129 682 1206 Montis-Ferrati,
702 1137 738 1193 et
756 1130 843 1193 dans
874 1131 905 1193 ei
922 1130 1087 1194 honorem
1112 1129 1334 1194 Thessaloni-

378 1233 545 1310 censium,
559 1231 618 1313 qni
639 1230 741 1293 estin
764 1229 908 1311 imperio
929 1228 989 1293 illo
1012 1248 1140 1310 magna
1164 1237 1335 1313 potestas,

378 1331 460 1396 iecit
493 1350 571 1394 eum
604 1329 760 1394 coronari
796 1329 833 1392 in
864 1347 1001 1411 regem,
1040 1329 1123 1411 quia
1152 1329 1337 1413 juraverat

379 1431 451 1497 filia
465 1450 541 1508 sua,
559 1450 597 1494 se
611 1429 702 1494 nolle
719 1448 870 1510 unquam
883 1429 1010 1492 nubere
1026 1427 1093 1492 nisi
1109 1429 1195 1510 regi.
1240 1428 1337 1493 Con·

379 1532 495 1607 reduc,
513 1530 620 1593 irater
636 1529 719 1593 dicti
738 1528 917 1611 Raynerii,
942 1526 1236 1611 archiepiscopum
1254 1527 1336 1592 Ma·

380 1631 632 1712 guntiuensem,
664 1626 976 1710 cancellariumque
1011 1626 1228 1708 imperatoris
1261 1626 1338 1692 Ro-

380 1730 486 1805 mani,
510 1728 638 1792 carceri
666 1726 888 1809 mancipavit.
941 1724 1062 1790 Galeae
1087 1727 1179 1809 regis
1205 1725 1336 1792 Siciliae

381 1836 544 1910 ceperunt
561 1827 667 1890 filiam
685 1828 776 1907 regis
792 1825 994 1903 Marochiae‚
1005 1826 1145 1890 missam
1162 1846 1224 1910 per
1240 1846 1338 1892 maro

383 1936 421 1991 ut
436 1927 655 1991 maritarctur
668 1926 803 1990 cuidam
817 1926 1065 1990 Saracenorum
1077 1926 1171 2008 regi3
1193 1945 1256 2009 pro
1265 1946 1338 2009 qua

382 2026 578 2091 redimenda
593 2026 739 2089 reddidit
759 2033 860 2109 pater
875 2026 948 2106 regi
965 2024 1092 2089 Siciliae
1110 2025 1196 2090 duas
1215 2025 1338 2090 civita-

382 2135 435 2190 tes
471 2147 532 2210 per
566 2127 755 2190 Saracenos
785 2127 876 2208 patri
909 2125 1002 2206 regis
1030 2124 1157 2189 Siciliae
1186 2124 1337 2203 ablatas,

382 2225 543 2291 videlicet
569 2225 733 2290 Affricam
753 2232 788 2289 et
811 2224 978 2289 Sibillam.
1031 2224 1109 2289 Rex
1128 2224 1338 2301 Jerusalem,

382 2325 462 2390 licet
485 2326 581 2409 lepra
604 2344 800 2408 percussus,
824 2325 964 2408 adjutus
990 2333 1107 2390 tamen
1130 2325 1338 2389 Christiani·

382 2435 455 2490 tate
488 2427 728 2503 transmarina,
762 2425 1027 2489 munitissimum
1062 2431 1214 2489 castrum
1253 2422 1340 2490 fecit

383 2545 487 2608 super
517 2526 659 2590 fluvium
694 2524 895 2602 Jordanem,
925 2525 994 2587 situ
1030 2543 1215 2601 amoennm,
1244 2524 1339 2606 quod

384 2627 522 2688 vocavit
538 2625 677 2688 Vadum
694 2623 818 2701 Jacob,
837 2632 872 2688 et
884 2631 959 2688 erat
974 2625 1133 2690 nocivum
1149 2624 1337 2707 plurimum

385 2724 575 2788 Saracenis

224 2846 300 2895 rana,
310 2855 348 2884 aa
436 2823 479 2885 In
492 2823 681 2887 festivitate
694 2821 855 2886 Omnium
868 2823 1072 2888 Sanctorum
1084 2830 1269 2889 coronatus
1285 2831 1343 2889 est

223 2895 373 2995 illifi‘⁶⁰⁰¹²
387 2922 518 2999 Remis,
542 2925 586 2987 ab
604 2923 861 3005 archiepiscopo
884 2924 1037 3008 ejusdem
1061 2923 1142 3001 loci,
1165 2922 1201 2986 in
1222 2942 1342 3004 regem

224 2996 326 3036 mm
387 3021 570 3104 Philippus
581 3023 671 3086 filius
690 3022 781 3103 regis
799 3023 1033 3102 Francorum3
1058 3023 1113 3087 cui
1130 3022 1345 3088 solemnitati

387 3142 449 3186 rex
470 3121 662 3203 Anglorum
684 3122 806 3207 junior
825 3143 902 3187 cnm
926 3142 1053 3204 magno
1075 3122 1231 3186 interluit
1252 3123 1345 3187 mili·

387 3231 461 3286 tum
478 3225 653 3287 comitatu.

225 3342 375 3384 ammona
431 3322 512 3387 Hoc
529 3343 619 3387 anno
643 3323 729 3386 inito
746 3321 908 3386 conflictu
927 3321 1201 3386 Christianorum
1219 3327 1344 3386 contra

224 3393 353 3442 ¹¹⁰¹'L'nd'
386 3421 600 3498 Saladinum,
625 3430 855 3505 aggravatum
877 3429 931 3485 est
949 3420 1076 3484 bellum
1101 3440 1205 3504 super
1228 3419 1346 3485 Chris·

387 3523 524 3601 tian0s3
556 3523 743 3604 multisque
775 3520 990 3598 cadentihuS,
1016 3521 1183 3602 magister
1209 3520 1345 3586 militiae

387 3619 523 3702 Templi
552 3628 676 3703 captus
703 3629 781 3701 est3
814 3640 916 3704 quem
932 3640 1010 3684 cum
1038 3619 1222 3684 Saladinus
1248 3638 1345 3683 com·

387 3727 522 3783 mutare
551 3719 656 3783 vellet
685 3739 748 3802 pro
782 3727 906 3803 nepote
938 3739 1013 3796 suo,
1047 3739 1148 3802 quem
1179 3728 1347 3801 ceperant

389 3816 590 3895 Christiani,
619 3820 732 3881 renuit
760 3821 925 3900 magister
948 3818 1086 3901 Templi
1112 3819 1242 3895 dicens,
1273 3838 1347 3883 non

388 3937 464 3981 esse
485 3917 743 3981 consuetudinis
761 3919 907 3983 militum
930 3938 1002 3982 suae
1021 3918 1210 4000 religionis,
1228 3926 1266 3981 ut
1281 3917 1349 3982 ali·

388 4038 458 4100 qua
479 4038 542 4101 pro
564 4019 614 4081 eis
639 4016 780 4081 daretur
803 4019 1000 4100 redemptio,
1023 4026 1151 4101 praeter
1167 4017 1348 4100 cingulum

387 4127 421 4182 et
437 4118 614 4182 cultellum
629 4139 638 4195 ;
664 4118 783 4200 sicque
803 4119 837 4181 in
860 4118 1064 4200 captivitate
1079 4119 1239 4183 detentus
1257 4136 1352 4182 mor-

389 4226 468 4281 tuus
488 4229 550 4282 est.
605 4218 734 4282 Postea
756 4219 890 4283 obsedit
920 4218 1104 4282 Saladinus
1130 4224 1282 4283 castrum
1307 4219 1354 4283 de
