2940 4950
333 462 400 526 308
701 477 774 528 arc.
792 478 940 526 rarvarr

336 634 455 698 audita
472 635 633 717 captione
652 635 780 712 David,
803 634 921 699 comiti
938 633 1136 700 Hersordiae
1160 654 1200 698 se
1218 629 1287 699 'de-

337 734 435 810 didit‚
457 734 599 816 regique
624 734 790 811 redditus,
814 734 857 798 ad
880 736 1003 800 turrim
1026 734 1289 798 Londoniarum

176 845 281 888 arnoul
338 833 462 896 missus
484 833 613 897 carceri
630 835 858 916 mancipatur.
911 833 1041 898 Eodem
1065 853 1158 897 anno
1177 841 1291 896 trans·

176 895 318 987 mm
339 933 412 997 lata
427 940 481 995 est
499 952 559 1015 per
576 953 692 1014 regem
708 933 849 997 abbatia
865 933 909 996 de
923 927 1103 996 ²Abercon
1115 932 1161 996 ad
1176 932 1289 996 locum

177 1002 268 1087 hidria
340 1032 458 1108 alium,
482 1039 785 1115 constructumque
811 1041 865 1097 est
888 1032 1014 1096 ibidem
1028 1025 1111 1116 ³[ad
1135 1051 1292 1113 compes·

178 1097 243 1148 Μ’
341 1130 503 1216 cendum]
526 1132 733 1214 irruptiones
751 1131 979 1196 Wallensium
999 1138 1153 1195 castrum
1181 1129 1289 1195 sorte:

342 1230 502 1294 fundavit
525 1238 560 1294 et
587 1249 650 1293 rex
673 1231 708 1293 in
734 1231 902 1295 comitatu
928 1231 1073 1295 Cestriae
1096 1228 1205 1293 aliam
1234 1231 1293 1294 ah-

343 1330 472 1394 batiam
495 1329 738 1393 monachorum
759 1329 1052 1406 cisterciensium,
1074 1348 1182 1411 quam
1205 1330 1293 1393 mul·

345 1429 390 1494 tis
413 1428 558 1493 ditatam
584 1429 723 1510 praediis
738 1421 880 1494 Vallem
904 1428 1071 1510 Regalem
1100 1429 1212 1493 voluit
1231 1449 1293 1511 ap·

344 1527 478 1610 pellari.
531 1527 705 1592 Concessa
724 1535 779 1592 est
801 1528 867 1592 hoc
889 1547 980 1592 anno
1003 1528 1077 1610 regi
1100 1528 1135 1590 in
1159 1547 1295 1610 guerra

345 1647 417 1690 suae
450 1627 640 1690 subsidium
671 1646 693 1690 a
723 1627 852 1711 populo
883 1628 1069 1704 tricesima,
1100 1636 1137 1691 et
1158 1647 1182 1692 a
1204 1629 1296 1693 clero

345 1727 509 1790 vicesima
532 1746 613 1809 pars
634 1727 813 1791 honorum.

397 1824 572 1889 Martinus
598 1845 702 1910 papa,
730 1824 926 1891 Gnidonem
956 1826 1000 1890 de
1022 1824 1248 1892 Monte-sorti
1276 1847 1298 1893 a

346 1943 482 1988 carcere
505 1924 667 2003 liberans,
694 1927 730 1990 in
753 1945 822 2009 quo
852 1947 914 2010 per
936 1924 1144 2006 Gregorium
1167 1947 1296 2011 papam

345 2025 516 2088 decimum
545 2033 687 2108 propter
716 2025 936 2091 homicidium
964 2026 1000 2088 in
1031 2025 1179 2089 ccclesia
1205 2046 1297 2091 com·

347 2125 488 2188 missum
521 2124 655 2207 positus
680 2124 805 2202 fuerat,
838 2126 932 2189 misit
960 2125 997 2187 in
1027 2123 1294 2192 Romaniolam:

347 2243 449 2307 quam
472 2243 514 2288 eo
538 2244 628 2288 anno
655 2231 765 2288 totam
790 2225 951 2302 obtinuit,
978 2232 1126 2307 excepta
1153 2226 1296 2292 civitate

348 2323 530 2401 Urbinate,
546 2343 650 2407 qnam
669 2323 785 2388 Gnido
804 2325 934 2407 incepit
951 2323 1108 2388 obsidere
1129 2324 1167 2388 in
1192 2345 1296 2391 manu

347 2424 501 2505 potenti3
529 2423 589 2487 sed
604 2417 693 2487 ⁴cito
717 2431 797 2507 post
819 2426 947 2489 omissa
965 2423 1008 2487 de
1029 2423 1172 2488 licentia
1197 2446 1297 2510 papae

349 2523 526 2606 obsidione
561 2523 663 2586 dictae
700 2524 808 2601 urbis,
843 2524 879 2587 in
910 2522 1073 2587 Tusciam
1106 2524 1224 2602 rediit,
1260 2533 1296 2589 ut

348 2622 573 2687 hereditatem
590 2623 709 2686 uxoris
734 2643 819 2700 suae,
836 2631 934 2705 patre
950 2623 1025 2706 eJus
1050 2624 1177 2687 comite
1205 2625 1296 2690 Rufo

349 2731 497 2798 mortuo,
521 2728 715 2804 occuparet.
777 2721 924 2786 Carolus
948 2742 1010 2786 rex
1033 2721 1161 2786 Siciliae
1189 2723 1298 2806 prima

351 2820 405 2883 die
427 2820 449 2883 J
453 2822 523 2884 unii
548 2822 642 2886 venit
670 2821 713 2884 ad
736 2821 843 2903 plana
868 2822 1088 2904 Burdegalae,
1112 2825 1298 2889 comitante

350 2939 428 2982 eum
450 2940 531 3000 rege
555 2921 767 2984 Francorum
789 2941 866 2985 cum
890 2921 1014 2985 militia
1037 2940 1165 3003 magna
1187 2924 1297 2988 valde.

351 3018 406 3082 De
433 3018 533 3102 cujus
555 3020 707 3084 adventu
737 3020 863 3085 Petrus
893 3021 1065 3103 quondam
1094 3020 1297 3104 Aragonnm

271 3112 276 3122 '
351 3137 413 3183 rex
446 3120 682 3201 praemonitus‚
712 3119 801 3183 diem
835 3121 1016 3203 praevenit,
1039 3139 1155 3184 coram
1181 3141 1298 3186 senes·

351 3217 441 3282 callo
473 3218 659 3282 Vaseoniae
684 3227 881 3302 protestans
910 3239 947 3284 se
984 3228 1144 3301 paratum
1183 3227 1298 3286 tenere

350 3327 502 3400 pactum,
529 3318 589 3380 sed
619 3338 686 3381 nou
710 3339 822 3401 posse,
853 3339 935 3401 rege
962 3319 1173 3383 Francorum
1203 3323 1297 3386 veni·

351 3425 429 3481 ente
453 3437 529 3481 cum
554 3425 652 3480 tanta
675 3419 895 3483 multitudine
917 3418 1063 3482 militum
1083 3427 1208 3484 contra
1231 3421 1299 3485 for·

350 3536 453 3579 marn.
515 3516 671 3579 Reverso
699 3518 876 3599 posthaec
908 3516 1035 3582 Carolo
1064 3538 1147 3600 rege
1172 3519 1299 3585 Siciliae

349 3701 475 3761 phemiam
496 3701 593 3748 viscera
615 3702 672 3763 ejus
694 3701 812 3749 incendio
871 3697 1062 3750 ’‘Abercoran
1079 3701 1104 3762 ς’
1129 3703 1191 3752 Cod.
1215 3705 1298 3767 Regu:

349 3770 547 3818 suntcrernata!
835 3771 979 3819 ‘Albercon
994 3771 1011 3830 3’
1033 3769 1081 3820 Ar.
1096 3775 1164 3822 220:
1191 3774 1297 3825 ‘hiber-

385 3843 410 3888 4.
427 3841 514 3890 ‘Quia
525 3840 551 3887 in
563 3839 679 3900 pluribus
688 3840 750 3887 locis
759 3841 812 3887 An·
835 3841 942 3899 torum?
958 3839 1040 3888 D'A.:
1058 3842 1104 3890 bul
1115 3841 1153 3890 sor
1170 3857 1258 3893 names
1275 3845 1303 3893 oi

350 3910 409 3970 gliae
428 3914 530 3957 mortem
542 3908 637 3956 domini
649 3910 717 3971 regis
728 3908 812 3958 luerat
836 3910 922 3971 places
943 3908 1103 3970 D'Achery’s
1121 3912 1217 3962 edition
1236 3915 1259 3963 is
1274 3917 1298 3963 in

349 3978 517 4038 machinatus,
527 3979 683 4027 membratim
699 3983 739 4027 est
753 3993 811 4040 par·
836 3981 937 4041 general
950 3981 1085 4029 valualess.

348 4050 409 4096 titus
426 4054 452 4096 et
471 4062 516 4109 per
535 4048 637 4096 climata
655 4048 758 4109 Angliae
777 4048 810 4096 ad
871 4047 981 4098 ³These
998 4049 1082 4098 words
1104 4064 1149 4100 are
1169 4051 1234 4101 irum
1252 4052 1299 4103 Ar.

347 4124 464 4166 terrorem
484 4118 675 4179 malignantium
698 4118 810 4166 destina-
838 4119 1299 4184 Codltrghas‘contrairrnptiones!

346 4183 405 4236 tus,¹
871 4186 880 4215 ⁴
897 4188 960 4238 ‘aed
978 4190 1029 4238 cito
1043 4196 1102 4250 post
1113 4194 1252 4243 cummim
1262 4194 1300 4242 di·

381 4255 389 4287 ¹
406 4259 414 4284 ‘
424 4256 496 4305 dedit
502 4251 518 4318 ;’
530 4255 599 4307 D'A.
611 4260 636 4305 et
646 4256 694 4306 Ar.
705 4260 763 4307 22⁰.
835 4257 942 4319 ligantia
952 4272 1028 4321 papa
1037 4253 1053 4319 ;’
1066 4257 1114 4309 Ar.
