2940 4950
572 485 756 535 iuuenes.
1074 466 1141 534 339

184 645 405 727 impugnare,
427 651 463 709 et
488 663 511 707 ιι
535 661 661 726 guerra
683 662 760 708 cum
787 662 868 724 rege
892 642 1049 708 Franciee
1073 645 1137 707 im·

186 743 521 828 pedire;sicnt1n
553 744 692 826 scriptis
724 744 816 807 inter
844 750 1010 826 utrosque
1038 764 1137 826 reges

187 844 357 909 confectis
381 844 516 927 plenius
543 843 752 907 continetur.
805 842 996 925 Elegerunt
1022 852 1137 908 autem
1150 857 1197 897 Th
1151 868 1292 948 magvden-

187 943 287 1009 Scotr
298 943 477 1008 duodecim
489 961 605 1026 pares,
614 952 765 1024 quatuor
774 942 936 1007 urdehcet
944 962 1137 1027 episcopos
1151 958 1235 999 sou-n
1236 959 1256 997 ι

187 1050 341 1127 quatuor
369 1044 524 1120 comites,
563 1052 599 1108 et
625 1050 776 1125 quatuor
803 1043 962 1120 barones,
992 1063 1139 1126 quornm

188 1142 335 1208 consilio
359 1163 422 1208 rex
449 1162 595 1225 regnum
618 1162 720 1206 snum
748 1143 940 1224 gubernare
970 1145 1137 1222 debebot3

189 1263 255 1326 per
275 1262 363 1326 quos
385 1244 490 1307 etium
512 1242 605 1307 utin
630 1242 720 1306 hane
742 1242 953 1307 consentiret
975 1244 1141 1326 proditio-

190 1361 270 1407 nem
293 1342 359 1408 fuit
379 1342 553 1406 inductus.
606 1340 710 1407 Miles
735 1342 887 1425 quidam,
910 1341 1023 1406 dictus
1045 1343 1140 1408 Tho·

189 1460 267 1506 mus
307 1443 350 1507 de
383 1437 617 1519 ¹Turbervile,
654 1443 690 1505 in
720 1441 898 1505 Vasconis
935 1444 1070 1526 captus,
1105 1452 1141 1509 et

193 1541 350 1607 Parisios
378 1543 471 1606 inter
501 1542 590 1605 ulios
622 1542 780 1624 captivos
810 1543 983 1620 detentus,
1016 1564 1141 1627 procu·

192 1649 294 1707 rante
319 1641 473 1706 civitatis
497 1641 651 1725 ejusdem
670 1642 870 1724 praeposito,
891 1641 978 1705 iiber
999 1643 1141 1708 dimitti-

190 1749 261 1819 tur,
288 1743 475 1824 sponsione
500 1741 700 1824 juramento
733 1740 871 1806 firmata
897 1743 990 1824 quod
1021 1752 1143 1809 contre

190 1861 310 1923 regem
327 1834 509 1906 ’walliam
525 1848 780 1920 commoveret3
806 1842 866 1924 qui
889 1860 968 1905 cum
989 1845 1143 1909 venisset

191 1942 230 2006 iu
242 1941 419 2023 Angliam‚
439 1939 643 2023 proditionis
666 1941 846 2004 convictus
863 1948 994 2006 tractus
1008 1962 1051 2007 ec
1066 1964 1143 2007 sus-

191 2060 322 2125 pensus
337 2041 462 2123 dignus
477 2040 544 2104 luit
558 2040 698 2103 sceleris
715 2041 769 2103 sui
785 2059 918 2121 poenas.

246 2140 421 2205 Henricus
452 2139 495 2203 de
530 2139 716 2222 Hispania,
753 2146 889 2203 mortuo
923 2149 1048 2223 nepote
1079 2162 1142 2207 suo

192 2240 349 2317 Sanctio,
369 2247 488 2303 custos
510 2241 607 2321 regni
631 2238 807 2316 Casteilae,
826 2246 862 2303 et
878 2239 1024 2304 filiorum
1050 2244 1143 2324 regis

194 2347 303 2417 tutor,
318 2338 474 2403 efficitur.
506 2338 674 2415 sueonos,
689 2338 797 2403 frater
813 2337 960 2420 Alfonsi,
971 2342 1145 2423 quondam

194 2440 289 2519 regis
302 2438 504 2521 Aragoniae,
520 2438 649 2502 traditu
664 2438 763 2502 fratri
777 2457 840 2502 suo
852 2439 996 2522 juniori,
1009 2443 1146 2505 nomine

196 2536 394 2617 Frederico,
414 2538 544 2613 Sicilia,
571 2557 715 2620 regnum
740 2536 929 2620 Arugoniae
951 2547 1031 2622 post
1052 2560 1144 2605 mor·

194 2647 266 2704 tem
298 2637 415 2703 fratris
448 2637 601 2719 accepit;
637 2645 672 2701 et
701 2656 845 2702 uxorem
879 2638 1006 2703 ducens
1038 2640 1144 2705 tiliam

195 2736 316 2803 Caroli
332 2738 424 2821 regis
440 2737 580 2814 Siciliae,
605 2738 847 2802 reconciliatur
869 2739 1035 2817 ecclesiae,
1052 2742 1145 2805 obsi·

194 2839 298 2903 dibus
311 2857 399 2921 qnos
412 2837 519 2902 srnter
534 2854 619 2900 suus
630 2837 967 2904 tenuerutliberatis.
1007 2839 1144 2905 Gilber·
1158 2849 1239 2941 giech
1237 2848 1261 2887 0¹

196 2947 267 3016 tus,
279 2956 394 3002 comes
406 2936 616 3014 Gloverniae,
633 2935 699 3000 hoo
713 2956 804 3001 anno
821 2938 894 3002 dies
910 2958 992 3003 suos
1006 2940 1194 3019 eleusium
1158 2902 1212 3041 ΞΗ
1194 2902 1286 3040 “im

193 3038 326 3103 relictis
338 3056 384 3101 ex
396 3055 508 3101 uxore
516 3054 581 3099 sua
591 3035 615 3100 J
618 3054 732 3100 oanna
744 3037 881 3101 fihohus
893 3040 1016 3115 tubus
1025 3049 1062 3105 et
1074 3041 1146 3106 filio

197 3138 301 3202 unico
309 3136 459 3221 junioris
471 3136 745 3212 aetntrs,nom1ne
755 3135 926 3201 Gdberto.
950 3139 1147 3204 Willelmus

196 3237 305 3303 etiam
327 3235 371 3300 de
388 3235 575 3313 Valentiis,
592 3254 708 3299 comes
732 3235 969 3312 Penbrochiae,
990 3240 1147 3317 moritur,

195 3335 286 3407 etin
305 3335 452 3401 ecclesie
472 3334 717 3399 monachorum
730 3334 1029 3401 Westmonnsterii
1051 3356 1149 3421 sepe-

195 3437 291 3502 litur.
343 3435 518 3500 Successit
539 3436 571 3499 ei
592 3436 628 3498 in
650 3435 817 3499 comitutu
841 3435 931 3498 filius
948 3429 1146 3519 ³Aymerus.

197 3536 280 3602 Rex
301 3533 441 3616 Angliae
466 3554 489 3599 a
512 3554 593 3616 rege
619 3534 799 3598 Scotorum
821 3533 1004 3620 (ignorans
1030 3557 1148 3601 eornm

197 3632 446 3720 proditionem)
462 3652 541 3698 cum
571 3634 739 3697 auxilinm
764 3654 827 3717 pro
855 3654 982 3716 guerra
1009 3656 1074 3701 suu
1096 3638 1148 3701 in·

196 3741 332 3800 stanter
356 3734 511 3818 petisset,
533 3740 570 3798 et
592 3733 658 3796 sibi
681 3735 945 3816 responderetur
968 3737 1149 3814 indubiis,

196 3840 399 3918 suspectum
423 3833 553 3898 habens
574 3834 761 3914 negotium,
779 3836 917 3916 rogavit
934 3843 974 3900 ut
990 3837 1034 3900 ob
1052 3857 1149 3901 secu·

233 4051 450 4117 ¹‘anbrerile3‘
468 4054 586 4107 dnm.
614 4055 665 4105 For
723 4052 886 4118 ¹‘guerram
922 4061 1089 4106 commoveret
1123 4058 1149 4105 in

196 4126 239 4177 his
250 4125 358 4176 sedition
370 4131 398 4175 et
407 4126 538 4189 impense
551 4125 663 4187 Hemp.
690 4126 808 4185 Wellia;’
817 4127 856 4175 M.

196 4200 240 4247 78.
686 4193 735 4314 m:
750 4194 919 4258 ‘Aymericus
932 4189 952 4253 ;’
976 4189 1044 4245 ΠΛ.
1062 4200 1086 4244 et
1104 4193 1151 4245 Ar.
