2940 4950
332 458 376 523 38
690 471 763 518 nic.
779 466 928 517 curvari

333 633 411 708 fuit,
434 628 587 694 Roherto
605 627 730 692 comite
752 626 795 689 de
821 624 1011 701 Basevilla,
1035 629 1188 705 cognato
1209 640 1294 699 suo,

334 750 397 815 per
407 737 519 793 totum
533 745 676 808 regnum
693 723 847 808 graviter
862 721 1108 788 debacchante.

385 819 573 893 Adrianus¹
604 843 696 908 papa
722 823 892 889 concessit
913 822 1082 898 Heurico,
1108 818 1186 901 regi
1212 817 1296 884 An·

336 928 484 1010 giorum,
516 924 804 1007 conquisitionem
834 922 1037 996 Hiberuim3
1069 919 1170 1002 cujus
1204 936 1296 982 con-

336 1025 502 1090 cessionis
519 1029 737 1105 potestatem,
751 1040 905 1098 causam,
921 1028 957 1085 et
972 1019 1125 1096 modum,
1138 1018 1174 1081 in
1191 1015 1296 1080 hulla

337 1143 403 1190 sua
415 1122 459 1186 ad
474 1140 589 1202 regem
606 1120 737 1185 directa
750 1120 913 1202 exprimit
927 1120 992 1182 sub
1009 1117 1063 1181 his
1077 1116 1193 1182 verbis
1207 1134 1217 1180 ε

389 1220 601 1295 ‘Adrianus
632 1237 752 1283 servus
782 1236 958 1283 servorum
990 1217 1075 1293 Dm,
1107 1212 1296 1280 mrissimo

338 1321 374 1385 in
394 1320 533 1385 Christo
549 1315 685 1402 ⁹[fili0]‚
707 1317 835 1381 illustri
858 1316 931 1398 regi
948 1314 1098 1396 Angliae,
1120 1311 1297 1390 Henrico,

264 1470 270 1483 .
339 1420 487 1484 salutem
511 1426 547 1482 et
568 1417 794 1499 apostolicam
812 1414 1096 1480 benedictionem.
1147 1410 1295 1475 Lauda-

338 1519 454 1582 hiliter
475 1524 511 1580 et
534 1517 620 1579 satis
644 1515 819 1579 fructuose
846 1515 889 1578 de
909 1513 1060 1595 glorioso
1086 1511 1226 1575 nomine
1254 1509 1296 1572 iu

340 1617 453 1689 terris,
479 1621 515 1678 et
540 1621 678 1678 aeternae
700 1613 876 1677 felicitatis
897 1613 1039 1695 praemio
1063 1604 1298 1674 ⁸cumulando

339 1715 375 1778 in
389 1712 486 1778 coelis
508 1720 570 1775 tna
591 1711 847 1792 magnificentia
868 1711 1012 1792 cogitat,
1034 1709 1115 1773 dum
1137 1706 1182 1771 ad
1205 1706 1297 1771 dila-

341 1811 465 1877 tandos
499 1810 651 1874 ecclesiae
676 1811 853 1886 terminos,
882 1809 926 1873 ad
955 1805 1196 1873 declarandam
1223 1800 1298 1869 ‘in-

341 1910 452 1974 doctis
476 1916 511 1973 et
533 1908 675 1972 rudibus
698 1908 906 1973 Christianae
925 1907 1005 1972 fidei
1033 1907 1230 1981 veritatem,
1258 1912 1299 1969 et

342 2009 503 2073 vitiorum
517 2008 689 2091 plantaria
700 2008 744 2072 de
755 2026 841 2088 agro
853 2007 1036 2071 Dominico
1053 2003 1297 2086 exstirpanda,

343 2107 433 2170 sicut
451 2106 650 2171 catholicus
665 2107 836 2188 princeps,
853 2105 1025 2183 intendis;
1049 2111 1083 2168 et
1100 2103 1145 2167 ad
1162 2101 1197 2164 id
1214 2120 1298 2166 con-

344 2206 536 2271 venieutius
572 2200 843 2287 ⁶exsequendum
878 2203 1059 2269 consilinm
1090 2201 1299 2283 apostoliam

344 2304 435 2368 sedis
456 2305 568 2386 exigis
592 2304 659 2386 [ct]
682 2302 845 2368 favorem.
898 2301 1025 2384 Inque
1041 2301 1146 2378 facto,
1161 2307 1299 2381 quanto

345 2403 459 2467 altiori
485 2402 629 2467 consilio
660 2409 697 2466 et
730 2401 853 2484 majori
885 2400 1091 2464 discretione
1124 2397 1299 2481 procedis,

345 2509 444 2565 tanto
465 2501 651 2564 feliciorem
679 2518 897 2582 progressum
920 2507 967 2577 te,
989 2493 1194 2581 ⁶praestante
1220 2496 1299 2560 Do·

345 2599 451 2674 mino,
466 2598 665 2662 confidimus
682 2599 892 2662 habiturum.
935 2598 988 2661 Eo
1001 2596 1093 2679 quod
1108 2596 1151 2659 ad
1167 2597 1299 2659 bonum

346 2696 479 2760 exitum
507 2715 641 2778 semper
662 2704 698 2761 et
714 2697 816 2761 finem
837 2697 978 2761 valeant
994 2697 1202 2779 pertingere,
1218 2685 1300 2777 'qni

346 2795 389 2858 de
414 2795 535 2858 ardore
561 2795 640 2858 fidei
670 2804 705 2860 et
737 2796 912 2878 religionis
943 2814 1060 2859 amore
1089 2793 1300 2877 principium

346 2900 563 2975 acceperunt.

396 2993 508 3056 ‘Sane
524 2992 729 3057 Hihemiam
744 3000 780 3056 et
795 3012 912 3056 omnes
927 2990 1073 3067 insulas,
1089 2990 1217 3072 quihus
1234 2990 1298 3056 Sol

343 3090 491 3173 justitiae
532 3090 691 3154 Christus
734 3092 860 3167 illuxit,
901 3098 936 3155 et
973 3090 1179 3153 documenta
1216 3089 1301 3155 fidei

349 3187 556 3252 Christianae
576 3199 813 3272 perceperunt,
829 3190 872 3253 ad
890 3189 950 3272 jus
971 3188 1064 3252 beati
1083 3187 1181 3252 Petri
1196 3187 1300 3272 Apo·

348 3286 429 3350 stoli
451 3294 487 3350 et
503 3297 732 3353 sacrosanctae
755 3289 923 3353 Romanae
945 3287 1111 3365 ecclesiae,
1128 3286 1220 3370 quod
1238 3293 1303 3355 tua

384 3469 456 3519 ιΑΗ
469 3471 520 3520 thie
537 3472 680 3534 paragraph
697 3473 811 3522 iswnut·
836 3472 904 3534 petis
935 3471 971 3520 ihi
1006 3472 1138 3534 plantariis
1163 3473 1303 3537 vitiorum

347 3536 508 3601 ingiuD’A.
534 3540 715 3603 Accordingtc
728 3543 811 3604 linger
835 3541 903 3603 quod
932 3556 1000 3603 papa
1022 3543 1076 3604 regi
1102 3547 1231 3604 montet
1253 3559 1302 3594 un·

348 3607 378 3656 cf
392 3608 541 3670 Weudom,
559 3611 602 3658 the
619 3611 681 3672 king
698 3610 749 3659 hed
767 3627 811 3660 ex·
834 3625 925 3671 nuens,
947 3611 994 3661 hoc
1017 3624 1125 3672 aequem
1148 3612 1173 3661 ei
1195 3612 1304 3674 privile·

349 3677 447 3737 pressly
459 3677 562 3738 applied
579 3678 618 3727 for
634 3679 676 3728 the
694 3685 767 3742 grant
784 3681 814 3730 of
835 3681 906 3742 mum
916 3680 1071 3731 destinavit’
1089 3682 1174 3743 Roger
1184 3681 1214 3731 of
1221 3682 1305 3733 Weu·

348 3744 460 3794 Ireland.
495 3746 562 3794 ‘Per
573 3748 640 3796 idem
652 3754 752 3811 tempus
765 3765 810 3798 rex
835 3750 922 3810 dovcr,
932 3751 983 3798 vol.
993 3751 1022 3800 ii.
1034 3766 1060 3812 p.
1073 3754 1131 3799 281.

347 3813 488 3875 Anglornm
507 3815 636 3866 hienricus
652 3821 753 3868 nuntios
770 3834 809 3867 so·
869 3814 983 3880 '‘filioss
994 3820 1143 3881 wantingin
1155 3819 1298 3884 MSAEq.

347 3881 443 3932 lemnes
463 3884 567 3933 Romam
589 3887 689 3936 mittens
712 3890 811 3950 rogavit
870 3885 881 3914 ³
898 3888 1012 3937 Omitted
1022 3890 1049 3937 iu
1061 3887 1130 3937 D'A.

348 3966 440 4014 papam
452 3953 604 4015 Adrianum,
614 3961 643 4002 ut
658 3957 706 4005 sibi
723 3959 810 4006 liceret
869 3954 879 3983 ⁴
897 3957 941 4005 ‘in
952 3958 1034 4007 doctis
1043 3958 1059 4019 ;'
1069 3956 1138 4006 D‘A.

349 4020 481 4070 Hiberniae
500 4024 609 4072 insulam
632 4024 756 4075 hostiliter
773 4028 810 4074 in·
870 4024 879 4054 ⁵
897 4027 1117 4089 ‘consequendum
1125 4020 1142 4088 ;'
1153 4027 1193 4076 M.
1205 4032 1231 4076 ct
1241 4029 1297 4082 Ar.

348 4093 424 4153 trare,
435 4097 461 4139 et
472 4096 562 4140 terram
575 4094 721 4157 subjugare,
733 4101 810 4156 utque
870 4092 880 4121 ⁶
898 4098 1038 4157 ‘praeseute
1047 4092 1063 4158 ;’
1075 4095 1145 4144 D'A.

348 4158 460 4209 homiues
477 4161 535 4209 illos
552 4162 671 4210 bestiales
686 4164 719 4212 ad
737 4165 809 4213 fidem
870 4161 880 4192 ⁷
897 4162 1172 4226 ‘quae‚’1ti.;‘quae
1184 4167 1279 4219 arbore
1287 4166 1305 4231 3’

349 4231 374 4274 et
384 4231 451 4278 viam
463 4230 584 4279 reducere
597 4233 718 4295 veritatis,
735 4236 811 4283 extir-
836 4235 874 4283 Μ.
886 4240 910 4282 et
922 4235 968 4285 Ar.
