2940 4950
572 452 755 500 anninus.
1075 433 1140 497 189

232 608 304 673 ‘Et
322 616 360 672 ut
378 609 500 673 charta
517 610 739 692 obligationis
758 618 793 673 et
810 611 1043 673 concessionis
1062 630 1141 674 nos-
1153 622 1216 711 {1313
1221 620 1296 709 {3¹¹1ss

182 717 248 773 trae
265 728 402 791 semper
418 710 517 772 firma
532 719 731 792 permaneat
744 704 764 773 :¹
1154 686 1213 772 ihre·

235 809 334 891 ‘Ego
346 808 370 873 J
374 829 501 873 oannes
519 810 588 872 Dnr
606 812 720 891 gratia
735 830 795 872 rex
815 810 963 891 Angliac,
982 809 1141 873 dominus

186 908 380 985 Hiberniae,
402 910 474 973 dux
498 908 723 973 Normanniae
746 921 781 973 ct
799 909 1011 991 Aquitarrire,
1027 930 1141 972 comes

185 1008 413 1091 Andegaviae,
437 1011 480 1073 ab
504 1009 568 1073 hac
591 1009 675 1072 hora
701 1019 736 1074 et
759 1012 792 1073 in
819 1020 922 1073 antea
946 1031 1004 1073 ero
1032 1010 1142 1072 fidelis

188 1108 270 1173 Duo
300 1118 335 1173 et
365 1111 468 1173 beato
500 1109 619 1185 Petro,
647 1120 682 1173 et
713 1109 866 1172 ccelesiae
898 1110 1079 1181 Romana,
1108 1119 1143 1171 et

185 1208 325 1272 domino
346 1228 446 1292 papae
471 1209 688 1286 Innocentio,
709 1210 1032 1290 successoribusque
1054 1210 1142 1291 ejus·

184 1307 263 1371 dem
298 1307 477 1372 Catholice
509 1311 745 1387 intrantibus3
783 1329 845 1371 nec
877 1329 935 1372 ero
968 1310 1001 1371 in
1038 1308 1143 1383 sacto,

185 1407 293 1484 dicte,
321 1428 505 1485 consensu,
531 1409 687 1485 consilio,
721 1420 759 1472 ut
789 1410 895 1471 vitam
923 1408 1068 1489 perdant
1089 1408 1141 1470 vel

185 1509 352 1585 membra,
377 1508 432 1572 vel
459 1509 552 1573 mala
577 1511 759 1592 capiantur
789 1510 959 1589 captione.
1015 1508 1141 1571 Eorum

186 1608 349 1672 damnum
370 1610 400 1672 si
417 1611 550 1673 scivero
567 1610 762 1691 impediam,
778 1620 812 1673 et
830 1628 1005 1672 removere
1021 1608 1142 1671 saciam

187 1709 217 1771 si
236 1715 379 1791 poter0;
407 1709 559 1792 alioquin
582 1711 632 1773 eis
656 1729 759 1791 quam
787 1710 889 1773 citius
918 1717 1038 1790 potero
1063 1708 1142 1770 inti-

185 1809 299 1884 mabo,
326 1809 382 1872 vel
409 1810 471 1873 tali
500 1829 657 1891 personae
682 1810 806 1885 dicam,
831 1829 933 1890 quam
964 1809 1014 1870 eis
1041 1807 1143 1870 credo

187 1927 252 1991 pro
272 1916 368 1971 certo
393 1909 573 1973 dicturam.
627 1908 816 1973 Consilium
848 1910 938 1991 quod
964 1907 1046 1970 mihi
1075 1915 1144 1970 tra-

187 2006 339 2072 diderint
370 2029 431 2092 per
460 2029 508 2083 se,
540 2009 595 2073 vel
627 2029 688 2091 por
713 2010 852 2072 nuntios
876 2028 969 2083 snos,
996 2008 1049 2070 vel
1083 2026 1144 2088 per

188 2106 324 2171 litteras
345 2126 439 2185 suas,
462 2117 630 2173 secretum
654 2111 790 2185 tenebo,
806 2117 839 2172 et
855 2108 896 2171 ad
914 2127 1031 2171 eorum
1049 2107 1145 2169 dam-

189 2226 271 2271 num
307 2208 393 2271 nulli
426 2209 573 2291 pandam
606 2228 660 2271 me
693 2210 834 2272 sciente.
892 2207 1143 2270 Patrimonium

188 2307 282 2371 beati
313 2307 423 2384 Petri,
457 2318 492 2373 et
525 2308 721 2391 specialiter
756 2327 901 2387 rognum
932 2306 1071 2387 Anglire
1108 2314 1141 2369 et

190 2406 384 2484 Hiberniae,
414 2408 553 2491 adjutor
585 2429 644 2472 ero
668 2408 710 2471 ad
741 2407 924 2471 tenendum
958 2415 993 2470 et
1024 2405 1141 2467 dolen-

188 2506 337 2571 dendum
361 2516 481 2572 contra
509 2528 628 2572 omnes
660 2509 813 2572 homines
838 2527 900 2589 pro
926 2525 1026 2589 posse
1053 2524 1140 2568 meo.

186 2606 247 2672 Sic
266 2626 320 2671 me
337 2606 443 2672 Durus
467 2608 622 2692 adjuvet,
643 2617 677 2672 et
696 2609 768 2672 baec
789 2616 910 2671 sancta
935 2598 1141 2687 evangelia.²

187 2706 295 2771 Teste
315 2708 446 2790 meipso
465 2709 555 2791 apud
577 2707 715 2771 domum
733 2709 865 2772 militiae
880 2706 1015 2790 Templi
1034 2706 1140 2788 juxta

188 2806 391 2884 Dovoriam,
403 2827 494 2872 anno
505 2809 603 2889 regni
619 2810 728 2871 nostri
744 2805 1039 2890 quarto-decimo!

240 2905 309 2969 His
325 2907 486 2990 peractis,
500 2909 657 2973 loannes
675 2928 737 2970 rex
757 2928 778 2971 a
800 2908 970 2971 sententia
997 2925 1136 2969 excom·
1154 2920 1238 2958 ronna

1154 2971 1252 3009 ulmolved

186 3007 429 3072 manicationis
457 3009 651 3072 absolvitur
676 3007 812 3090 publice
843 3009 879 3071 in
910 3007 1057 3070 ecclesia
1082 3026 1139 3069 ca·
1154 3021 1306 3058 commom-

1154 3071 1292 3109 munlcrtlon.

228 3260 327 3315 ¹Aster
344 3269 431 3331 giving
452 3270 495 3319 the
514 3270 583 3331 date,
602 3271 651 3319 and
679 3271 726 3319 See
750 3266 895 3328 D'Achery,
912 3267 1087 3329 spicilegium,
1104 3267 1141 3315 iii.

188 3332 233 3383 ure
252 3334 296 3384 list
314 3337 343 3385 of
359 3340 502 3401 wimares,
525 3341 609 3403 lloger
627 3341 655 3390 ol
680 3344 772 3401 poro.
794 3338 914 3400 llogerol
921 3336 1142 3385 ll'endoverdates

188 3402 334 3455 wendover
343 3406 443 3459 divides
454 3410 505 3459 this
520 3411 585 3460 doed
601 3412 653 3459 into
679 3412 700 3459 it
711 3411 752 3458 the
761 3410 820 3457 15th
830 3409 902 3468 May,
910 3408 935 3454 in
948 3407 989 3454 the
1002 3406 1140 3453 lourteenth

188 3478 251 3535 Μ,
276 3478 415 3542 preminur
439 3486 466 3529 to
490 3481 533 3530 the
560 3481 652 3529 second
680 3495 742 3541 year
755 3478 784 3526 of
798 3479 838 3526 his
854 3479 935 3539 reign,
951 3492 983 3524 on
998 3475 1040 3522 the
1054 3490 1099 3523 eve
1116 3475 1145 3522 ol'

188 3549 249 3606 ptri
274 3546 389 3597 ‘chana
414 3551 502 3612 itaque
530 3552 598 3612 regis
627 3552 653 3598 in
680 3550 721 3598 the
740 3549 881 3597 Ascension
899 3543 951 3614 (iii.
968 3543 1038 3608 254),
1058 3545 1141 3593 which

187 3615 322 3677 scriptum,
332 3623 362 3666 ut
372 3618 468 3669 dictum
483 3626 531 3682 est,
542 3622 653 3682 redacta,
680 3621 702 3668 is
717 3625 813 3668 correct
827 3633 855 3665 ns
875 3618 914 3664 sar
932 3631 961 3664 ns
977 3616 1019 3664 the
1037 3630 1098 3676 year
1117 3616 1145 3664 ol

186 3685 294 3733 tradidit
308 3702 364 3736 eam
379 3704 423 3739 rex
438 3690 653 3751 Pandulphollo·
680 3690 720 3738 his
739 3692 809 3751 reign
827 3691 849 3736 is
868 3686 1024 3745 concerned;
1048 3686 1095 3745 sor,
1114 3701 1141 3734 as

188 3767 257 3803 mm
269 3770 345 3818 papae
356 3758 534 3820 deserendam
553 3768 579 3809 et
594 3776 652 3809 con·
679 3756 770 3809 Jobn's
781 3760 867 3820 regnal
880 3772 953 3819 years
963 3773 1006 3806 are
1018 3756 1143 3805 rechoned

187 3822 270 3885 tinne,
285 3830 384 3878 cunctis
397 3831 552 3891 ridentibus,
567 3829 653 3879 homa·
680 3830 742 3879 from
751 3830 904 3878 amoveable
912 3828 1048 3888 seast,they
1056 3827 1142 3875 varied

187 3894 259 3955 Cium
274 3893 335 3946 lecit
347 3901 528 3962 subscriptum,
541 3900 596 3962 Ego
609 3902 654 3951 Jo·
681 3901 706 3948 iu
715 3901 831 3950 duration
840 3899 1011 3959 accordingly.
1031 3896 1084 3944 The
1094 3897 1143 3943 As·

189 3961 303 4026 mni-'⁸2’
314 3973 363 4019 01⁰·
681 3972 792 4031 cension,
808 3970 935 4028 howevers
953 3968 997 4015 fell
1013 3966 1068 4013 that
1082 3980 1144 4026 year

228 4030 654 4102 'Thisdeedwaspubliclygiven
681 4056 712 4089 on
735 4040 777 4088 the
798 4041 860 4088 2³rd
884 4039 912 4086 os
932 4038 1003 4097 May.
1046 4035 1088 4081 Sir
1107 4034 1143 4082 H.

190 4106 219 4151 tt
238 4104 276 4154 St.
294 4106 392 4172 Paul’s,
413 4111 527 4171 London,
549 4111 608 4159 0ct.
631 4115 655 4171 ³,
683 4111 797 4169 Nicolas,
809 4107 1073 4158 chronofflistu‘rs.
1096 4105 1144 4152 See

192 4175 268 4235 ¹²¹³,
289 4178 316 4226 in
338 4180 380 4230 the
403 4180 515 4230 lilteenth
542 4196 604 4241 year
630 4180 659 4228 os
682 4181 729 4228 Dr.
750 4174 882 4241 Lingard’s
894 4181 950 4224 note
962 4190 993 4223 on
1006 4174 1057 4221 this
1069 4173 1143 4234 dced,

190 4240 282 4294 Johu'r
311 4250 398 4315 reign
426 4252 530 4313 Rymer,
553 4251 572 4299 i.
600 4255 657 4300 lto.
681 4251 771 4300 iiius.
