2940 4950
181 1293 246 1332 taken

334 455 400 520 260
687 469 926 517 ntc.rn1vnr1

175 645 278 735 &tuor
338 627 427 691 versi
454 630 548 702 sunt,
575 643 661 706 qnos
684 623 765 687 dum
789 623 1000 705 insequitur]
1030 621 1225 687 Edwardns
1251 622 1297 687 ad

338 735 489 809 quatuor
507 724 703 788 milliarium
723 723 887 806 spatium,
906 722 1147 802 gravissimam
1166 723 1296 786 caedem

338 824 528 900 inferendo,
552 843 574 887 a
598 822 731 906 reliquo
755 830 938 904 separatus
958 822 1116 887 exercitu
1137 820 1298 886 diminuit

341 926 446 988 robur
470 923 557 1007 ejus
611 922 755 986 Interim
784 940 866 984 vero
900 920 1000 985 multi
1032 921 1074 985 de
1104 921 1179 986 acie
1207 902 1297 1005 regis

341 1024 445 1088 occisi
468 1030 561 1098 sunt,
585 1023 748 1104 captique
770 1040 832 1084 rex
853 1018 1083 1097 Alemanniae,
1102 1014 1297 1085 ¹Robertus

341 1122 384 1187 de
412 1123 503 1187 Brus
531 1131 565 1185 et
591 1121 746 1185 Joannes
771 1119 905 1203 Gomyn
927 1120 986 1202 qui
1013 1118 1138 1184 Scotos
1161 1119 1298 1184 addux-

180 1242 226 1281 ra
235 1241 272 1281 kin
259 1240 315 1291 rut·
344 1231 461 1286 erant:
486 1241 547 1284 rex
569 1221 671 1285 etiam
695 1219 870 1284 Henricus
894 1218 1071 1283 dextrario
1088 1219 1166 1303 ejus
1184 1220 1300 1284 occiso

225 1353 282 1382 one.
342 1331 478 1404 captus,
498 1328 534 1384 et
559 1319 594 1383 in
614 1320 770 1401 prioratu
796 1319 958 1401 apposita
982 1318 1142 1382 custodia
1166 1325 1222 1383 est
1247 1337 1299 1381 re·

341 1422 469 1486 clusus.
530 1420 704 1484 Reversus
734 1416 926 1482 Edwardns
956 1417 1056 1498 gravi
1086 1416 1208 1501 praelio
1236 1436 1299 1481 ex·

342 1522 480 1602 cipitur,
512 1519 742 1601 fugeruntque
775 1535 890 1582 comes
917 1510 1133 1593 'Warennaa
1165 1516 1300 1581 Willel·

343 1639 420 1682 mus
451 1619 494 1681 de
523 1617 710 1694 Valentiis,
743 1615 860 1680 Guido
892 1615 935 1680 de
967 1615 1142 1680 Lisiniaco
1172 1614 1299 1681 iratres

343 1719 435 1799 regis
460 1719 596 1794 uterini,
621 1716 731 1798 Hugo
757 1715 870 1798 Bigod
893 1735 971 1780 cnm
996 1715 1121 1780 militia
1145 1733 1226 1798 quae
1253 1714 1298 1778 ad

343 1817 615 1899 quadringentos
647 1810 826 1880 ³loricatos
865 1814 1056 1892 adscendit,
1091 1833 1213 1879 omnes
1253 1813 1299 1878 ad

344 1924 494 1980 castrum
514 1916 556 1979 de
574 1915 767 1979 Peuvensie
785 1913 977 1979 tendentes.

396 2014 482 2079 Cum
508 2022 623 2078 autem
647 2016 726 2079 hinc
750 2013 829 2078 inde
856 2013 957 2078 multi
982 2012 1207 2089 corruissent,
1230 2010 1303 2075 Ed·

346 2115 496 2191 wardns‚
514 2107 831 2178 villam⁴circuiens
852 2132 930 2177 cum
953 2119 1088 2194 patrem
1110 2131 1180 2175 non
1201 2112 1300 2175 inve·

347 2215 455 2279 nisset
472 2215 509 2277 in
530 2221 657 2291 castro,
679 2213 867 2296 prioratum
885 2213 1061 2294 ingressus
1081 2209 1302 2294 pervenitad

348 2334 437 2377 enm.
505 2312 648 2377 Interim
681 2312 765 2376 dato
796 2311 928 2376 insultu
956 2311 1000 2375 ad
1025 2318 1193 2386 castrum,
1221 2329 1301 2374 cnm

347 2413 472 2477 inclusi
504 2412 647 2476 viriliter
679 2432 717 2476 se
750 2410 984 2487 defenderent,
1021 2409 1232 2475 subtrahunt
1263 2428 1302 2473 se

349 2514 508 2576 barones.
561 2511 763 2586 Edwardns‚
795 2510 941 2575 audacia
966 2510 1196 2575 castrensium
1227 2510 1302 2573 ani-

350 2619 477 2687 matus,
510 2611 700 2674 recollectis
732 2609 804 2673 suis
834 2611 958 2674 iterum
997 2609 1106 2673 voluit
1138 2609 1301 2691 praeliari.

276 2743 299 2772 ι.
401 2710 481 2786 Quo
520 2710 660 2791 cognito
700 2711 868 2773 miserunt
907 2710 1054 2773 barones
1094 2708 1303 2772 mediatores

187 2796 199 2823 ⁰
235 2794 298 2822 ‘'⁰''
350 2808 459 2889 pacis,
496 2810 737 2890 promittentes
769 2809 805 2873 in
841 2809 992 2873 crastilw
1027 2807 1115 2871 Vellfl
1146 2806 1190 2871 (Ῑθ
1218 2827 1303 2890 9³⁰⁰

351 2916 501 2971 tractare
533 2926 611 2970 cum
645 2908 779 2973 ellectu.
850 2907 894 2971 In
918 2907 1070 2971 crastino
1100 2905 1210 2987 igitur
1234 2906 1303 2971 dis·

351 3007 568 3069 currentibus
599 3009 690 3071 inter
721 3015 839 3090 partes
863 3007 1027 3070 iratribus
1057 3005 1303 3070 Praedicatori·

350 3106 415 3168 bns
435 3115 469 3168 et
495 3105 701 3181 Minoribus,
727 3107 778 3170 sic
803 3114 917 3171 actum
944 3113 1007 3180 est,
1032 3112 1071 3168 ut
1090 3104 1178 3168 seria
1200 3115 1303 3169 sexta

351 3212 516 3287 sequente
551 3206 743 3269 Edwardus
772 3213 808 3269 et
843 3204 1017 3268 Henricus
1047 3222 1110 3286 pro
1146 3206 1304 3286 patribus

351 3306 436 3381 suis,
466 3306 603 3387 regibus
634 3304 774 3386 Angliae
802 3311 838 3368 et
865 3303 1091 3378 Alemanniae,
1126 3321 1164 3365 se
1186 3304 1304 3368 comiti

351 3403 494 3488 Symoni
523 3405 698 3468 traderent
723 3404 787 3467 sub
815 3422 877 3486 spe
906 3403 1032 3485 quietis
1061 3409 1096 3465 et
1118 3402 1229 3483 pacis,
1255 3404 1306 3466 ita

351 3512 390 3566 nt
420 3523 496 3566 cum
518 3504 764 3567 deliberatione
787 3510 1003 3578 tractaretur,
1031 3520 1110 3584 quae
1136 3502 1306 3582 provisio-

351 3620 432 3663 num
457 3611 492 3665 et
509 3611 717 3666 statutorum
736 3608 853 3665 essent
875 3621 937 3684 pro
960 3601 1111 3665 utilitate
1131 3601 1229 3682 regni
1253 3608 1304 3664 te·

352 3701 475 3776 nenda,
495 3710 530 3764 et
552 3722 630 3784 quae
651 3701 820 3779 delenda3
844 3707 879 3764 et
901 3699 993 3782 qnod
1015 3699 1153 3764 iuterim
1175 3701 1305 3783 captivi

350 3798 429 3861 binc
452 3799 532 3862 inde
554 3802 684 3883 absque
706 3800 778 3864 ullo
802 3799 913 3883 pretio
932 3798 1168 3863 redderentur.
1220 3800 1307 3864 Sab-

350 3899 433 3962 bato
459 3901 615 3981 sequenti
648 3920 709 3964 rex
737 3919 864 3977 omnes,
895 3899 955 3981 qui
980 3898 1046 3961 sibi
1074 3897 1307 3973 adhaeserant,

388 4116 394 4147 ¹
414 4121 557 4169 ‘Robertus
577 4120 645 4169 Brus
657 4121 707 4182 'qui
726 4121 814 4170 Scotoa
873 4115 884 4149 ⁸
903 4112 1052 4174 ‘armaten'
1065 4116 1111 4166 Ar.

335 4235 337 4239 .
352 4188 494 4239 adduxerat
501 4185 515 4249 ;'
528 4185 595 4238 n’A.

386 4254 397 4287 ²
414 4260 571 4308 ‘lt'arraniae
580 4254 597 4318 ;'
609 4258 668 4309 cod.
679 4258 743 4320 aeg.
874 4254 885 4285 ⁴
901 4256 1068 4307 ‘circumiens
1074 4254 1093 4317 ;'
1105 4254 1176 4305 Μ.
