2940 4950
579 474 763 523 sunnine.
1080 463 1146 528 313

195 630 373 714 pignorati
406 649 522 694 coram
547 630 723 714 judicibus
755 630 937 695 convenire
966 632 1143 711 voluisset,
1156 650 1295 690 sacedotes

195 730 256 793 ille
294 730 500 812 respondere
538 723 680 806 ¹noluit‚
730 729 947 812 praetendens
987 731 1143 796 chartam

195 830 290 911 regis
314 829 485 911 quondam
509 829 666 906 Heurici‚
688 849 758 911 qua
779 830 845 893 sibi
866 829 1036 895 indultum
1064 831 1142 909 fuit,

196 948 242 991 ne
269 946 384 993 coram
397 927 514 1012 judice
541 928 671 1010 aliquo,
694 947 836 1011 corpore
862 930 955 1010 regis
983 938 1142 1013 excepto,

197 1028 232 1090 in
251 1028 420 1111 judicium
438 1027 528 1091 trahi
545 1029 667 1110 possit.
721 1026 825 1091 Miles
846 1046 950 1110 super
967 1029 1031 1093 hoc
1052 1049 1141 1094 anx·

1156 700 1248 739 Edwartl
1257 700 1274 740 1.

197 1127 255 1190 ius
284 1126 495 1191 Vasconiam
526 1126 621 1199 adiit,
648 1134 689 1190 ut
715 1146 820 1209 super
847 1126 955 1190 hoca
980 1147 1061 1209 rege
1089 1150 1143 1193 re-

195 1225 346 1290 medium
378 1225 517 1307 aliquod
549 1228 761 1308 impetraret.
831 1224 933 1303 Quod
967 1246 1044 1291 cum
1080 1249 1142 1293 rex

197 1318 493 1402 'audisset,‘Non
509 1324 629 1401 decet,'
643 1326 768 1406 inquit,
785 1324 892 1388 ‘filios
903 1326 997 1389 facta
1005 1328 1143 1392 irritare

196 1433 390 1507 parentum,
416 1425 541 1506 quibus
563 1423 639 1505 lege
662 1423 780 1488 divina
797 1424 965 1507 jubentur
981 1446 1141 1491 reveren·

196 1522 283 1587 tiam
313 1523 498 1599 exhibere;
529 1532 670 1606 propter
699 1523 790 1606 quod
807 1517 916 1586 ³sacta
940 1525 1048 1606 patris
1076 1528 1141 1590 mei

194 1642 358 1687 revocure
380 1642 450 1687 non
475 1623 632 1687 decrevi:
656 1623 715 1685 sed
740 1622 802 1686 tibi
827 1623 1019 1705 ceterisque
1035 1626 1142 1688 omni-

195 1721 261 1786 bus
295 1723 393 1804 regni
423 1723 491 1785 mei
519 1741 620 1803 aequa
651 1721 740 1803 lege,
768 1742 811 1785 ne
838 1723 953 1804 potior
984 1722 1143 1788 videatur

194 1819 341 1884 Judaeus
356 1840 459 1904 quum
476 1819 705 1898 Christianus,
718 1821 891 1902 indulgeo,
914 1841 957 1885 ne
976 1842 1038 1903 pro
1055 1842 1141 1905 qua·

196 1939 343 2002 cumque
360 1920 410 1983 illi
428 1919 451 1984 J
454 1919 554 1984 udaeo
572 1919 670 1983 illata
686 1920 822 2004 injuria,
840 1920 1003 2003 quamdiu
1020 1922 1140 1987 charta

193 2038 259 2083 suu
284 2019 434 2101 gaudere
465 2019 623 2094 voluerit,
652 2038 768 2083 coram
786 2020 904 2103 judice
932 2020 1061 2101 aliquo,
1085 2042 1139 2086 me

194 2126 355 2201 excepto,
366 2119 540 2183 conveniri
552 2115 717 2201 possitis.²
755 2118 966 2181 Revertente
981 2138 1059 2182 cum
1073 2120 1139 2185 hoc

192 2217 375 2302 privilegio
398 2217 517 2294 milite,
551 2217 734 2281 attendens
762 2216 907 2281 Judaeus
933 2218 998 2280 sibi
1028 2219 1139 2285 immi·

192 2336 276 2381 uere
314 2318 474 2381 damnum
513 2325 548 2381 et
587 2317 789 2400 periculum,
826 2324 1016 2398 spontanee
1065 2338 1138 2383 suae

192 2415 324 2481 chartea
350 2417 536 2492 renuntiat,
570 2424 696 2498 optans
723 2424 763 2480 ut
795 2423 964 2479 evacuata
994 2417 1140 2482 conditi-

193 2534 260 2579 one
277 2516 460 2598 privilegii,
477 2534 558 2598 pars
577 2523 725 2599 utraque
746 2515 814 2596 legi
837 2515 1008 2578 communi
1024 2517 1140 2582 valeat

191 2615 381 2699 subjacere.

241 2714 310 2778 Die
342 2716 502 2797 quadam,
530 2734 609 2778 cum
640 2735 699 2779 rex
728 2721 763 2779 et
788 2715 906 2796 regina
935 2716 972 2780 iu
1002 2735 1138 2780 camera
1152 2735 1280 2776 umora·

188 2813 340 2897 quadum
370 2814 622 2889 couvenientes,
656 2834 760 2897 super
791 2814 917 2879 lectum
956 2817 1136 2899 quemdam
1149 2786 1289 2883 iiillffli

189 2912 341 2977 sedendo
373 2913 686 2991 confabularentur,
708 2917 797 2978 ictus
822 2915 975 2977 fulminis
1000 2935 1061 2996 per
1086 2917 1135 2980 fe·
1150 2886 1293 2985 llll‘lll

191 3018 344 3076 nestram
364 3031 442 3095 quae
459 3014 509 3075 eis
531 3021 607 3078 erat
628 3034 650 3077 a
671 3014 773 3077 dorso
789 3014 978 3093 ingressus,
996 3022 1030 3077 et
1047 3015 1138 3078 inter

189 3130 250 3175 eos
278 3113 459 3189 transiens,
485 3112 570 3195 ipsis
597 3113 735 3195 penitus
760 3112 891 3187 illesis,
914 3112 1001 3176 duos
1028 3112 1137 3177 domi-

190 3210 298 3275 cellos
313 3211 371 3293 qui
392 3210 429 3274 iu
450 3231 567 3275 eorum
587 3212 728 3275 stabant
750 3212 935 3292 praesentia
953 3211 1135 3276 interfecit.

189 3308 382 3392 Stupesacti
405 3309 584 3373 admodum
614 3310 719 3374 ceteri
742 3327 860 3372 omues
889 3308 950 3389 qui
979 3309 1135 3387 aderaut,

188 3428 234 3474 ex
264 3409 414 3472 evidenti
441 3408 532 3492 quod
565 3409 759 3489 contigerat
784 3406 963 3482 miraculo,
989 3425 1135 3489 perpen-

187 3507 318 3571 debant
337 3507 445 3571 divini
462 3509 709 3590 protectionem
734 3505 883 3570 numinis
907 3505 1012 3570 saluti
1029 3507 1134 3589 regiae

188 3624 259 3670 non
277 3606 407 3671 deesse.

238 3704 320 3769 Rex
352 3704 491 3787 Angliae
523 3706 641 3771 eodem
679 3725 771 3770 anno
805 3705 981 3788 proiectus
1015 3714 1068 3770 est
1098 3705 1133 3769 in
1148 3726 1255 3777 mantne

187 3801 414 3886 Aragonium,
439 3812 479 3868 ut
499 3807 791 3887 consanguineum
811 3777 1271 3884 ⁴Car01um,filiuml0¹⁰i1“.ll..

186 3902 318 3979 Caroli,
352 3905 397 3967 ab
427 3902 575 3968 Alfonso
615 3924 697 3986 rege
730 3904 918 3987 Aragoniae
958 3903 1133 3969 detentum

185 4002 222 4065 in
246 4021 395 4078 carcere,
421 4002 592 4067 liberaret.
646 4005 724 4068 Rex
755 4004 862 4086 Cypri
890 4001 980 4083 apud
1009 4000 1132 4067 Achon

222 4182 229 4213 ¹
247 4186 256 4213 ‘
263 4180 368 4244 reunit;’
380 4185 427 4234 Ar.
707 4183 718 4215 ⁸
733 4186 844 4233 ‘facturn
854 4179 868 4239 ς’
886 4184 933 4235 Ar.
945 4188 969 4232 et
981 4182 1028 4233 Ar.
1039 4188 1097 4234 πθ.

220 4253 232 4282 ²
245 4252 370 4303 ‘vidisset
376 4251 392 4314 ς’
413 4255 452 4305 M.
463 4258 488 4304 et
498 4253 545 4304 Ar.
707 4251 715 4280 ⁴
732 4253 835 4302 omitted
845 4253 872 4300 in
883 4254 922 4301 M.
