2940 4950
343 463 411 528 298
703 480 777 528 mc.
799 481 948 528 ralvnrr

344 643 499 706 culorum
532 641 724 722 infregerit,
755 639 822 702 uisi
850 638 1048 703 admonitus
1076 657 1116 702 se
1136 658 1298 704 correxe-

344 742 401 818 rit,
424 740 672 804 abalienabunt
687 759 727 803 se
748 740 793 803 ab
818 758 872 816 eo,
889 747 927 803 et
952 738 1116 803 eidemin
1137 741 1298 805 omuibus

344 861 422 925 quac
439 848 601 923 poterunt
618 840 734 903 hostes
751 839 846 902 fient.

395 942 497 1016 Item,
515 948 642 1022 praeter
658 940 745 1014 haec,
761 938 937 1020 princeps]
954 937 1078 1002 fratres
1095 958 1192 1016 suos,
1210 959 1297 1022 quos

258 1021 288 1050 ἰ
343 1042 446 1117 laesit,
472 1040 634 1124 placabit.
687 1039 824 1102 Habuit
845 1040 934 1102 euim
956 1046 1027 1101 tres
1043 1038 1183 1114 fratres,
1210 1058 1296 1121 quo·

343 1161 419 1203 rum
438 1140 605 1204 Oweuum
624 1147 659 1202 et
678 1138 888 1203 Rodericum
904 1146 1066 1220 posuerat
1091 1140 1127 1201 iu
1144 1158 1296 1204 caroere.

343 1240 482 1304 Tertius
508 1259 589 1303 vero
616 1238 733 1302 David
755 1237 840 1319 fuga
860 1238 1016 1320 dilapsus
1042 1238 1164 1302 multis
1195 1240 1296 1303 aunis

343 1360 420 1403 cum
451 1361 532 1421 rege
560 1338 698 1420 Angliae
724 1339 833 1413 stetit,
859 1357 882 1400 a
914 1357 982 1420 quo
1010 1345 1133 1402 contra
1164 1358 1294 1402 morem

343 1440 458 1520 gentis
485 1459 558 1503 suae
580 1439 680 1502 miles
702 1437 815 1501 factus
837 1437 874 1500 in
896 1437 964 1501 ista
985 1457 1124 1518 guerra,
1146 1439 1192 1502 ob
1214 1459 1293 1520 pro·

343 1541 485 1603 bitatem
512 1546 548 1602 et
569 1539 768 1602 fidelitatem
785 1531 901 1600 ¹suam
920 1537 1103 1620 plurimum
1129 1546 1206 1602 erat
1222 1541 1295 1621 regi

343 1649 528 1720 acceptus;
566 1638 718 1701 undeet
749 1636 858 1700 eidem
889 1644 1040 1701 castrum
1067 1637 1112 1700 de
1136 1631 1294 1722 'Dinbey

342 1739 488 1801 contulit
509 1739 545 1800 in
568 1738 711 1814 Wallia,
727 1757 806 1800 cum
831 1737 931 1800 terris
956 1737 1000 1801 ad
1025 1736 1177 1801 valorem
1201 1738 1296 1803 mille

343 1838 507 1900 librarum
525 1839 630 1901 annui
647 1837 800 1901 reditus:
825 1837 967 1919 insuper
984 1845 1020 1900 et
1037 1856 1182 1901 uxorem
1199 1838 1296 1903 dedit

342 1936 447 1999 filiam
465 1938 600 2001 comitis
621 1938 794 2014 Derbeiae,
815 1956 894 2019 quae
912 1936 1109 2018 nuper'alio
1131 1939 1208 2002 viro
1229 1958 1295 2003 suo

342 2036 456 2100 fuerat
469 2037 624 2101 viduata.
677 2036 829 2101 Oweuus
855 2056 938 2117 ergo
954 2036 1073 2100 favore
1095 2038 1193 2119 regio
1209 2037 1294 2102 libe-

343 2145 440 2200 ratur
465 2156 486 2200 a
512 2156 660 2213 carcere,
685 2156 788 2219 quem
814 2137 919 2219 paulo
942 2144 1023 2199 autc
1045 2135 1198 2218 fregerat
1221 2137 1295 2202 Ro-

342 2236 487 2313 doricus,
505 2236 714 2320 fratremque
728 2236 865 2318 fugiens
879 2238 916 2299 iu
931 2233 1062 2318 Anglia
1078 2238 1293 2303 morabatur.

343 2335 422 2400 Rex
443 2344 559 2400 autem
580 2338 614 2399 in
634 2336 841 2400 occidentali
856 2335 988 2401 Wallia
1012 2337 1103 2418 apud
1124 2331 1293 2421 ³Lampa·

340 2436 502 2512 dervaur,
540 2436 583 2499 ad
623 2436 851 2500 cohibendum
892 2436 1102 2518 irruptiones
1134 2437 1293 2502 Wulleu·

340 2537 442 2613 sium,
464 2544 616 2600 castrum
641 2536 828 2600 aedificavit
852 2537 999 2617 insigne.
1040 2536 1082 2598 In
1099 2538 1290 2602 subsidium

338 2635 442 2718 hujus
468 2655 602 2717 guerrae
624 2655 789 2700 concessa
817 2644 871 2700 est
896 2636 970 2717 regi
998 2655 1019 2698 a
1045 2637 1177 2720 populo
1201 2640 1291 2702 vice·

337 2736 424 2798 sima
441 2756 522 2817 pars
539 2737 717 2799 bonorum.

369 2952 394 2986 Ι).
408 2952 432 2986 N.
445 2952 499 2987 1.(3.
604 2953 626 2988 Ρ.
640 2952 803 2987 notranoault
816 2952 841 2987 R.
939 2952 1092 2987 taanooltutt
1116 2954 1272 2999 {ANGLORUH

357 3014 512 3072 mcctxxvlffi
553 3039 653 3074 utconlu
665 3039 703 3076 111.
774 3039 881 3074 annom
939 3040 1046 3076 9111qu
1059 3039 1100 3076 111.
1130 3041 1250 3077 unwanni
1264 3044 1279 3077 l.

388 3233 543 3296 FRATER
568 3233 744 3298 Robertus
771 3233 1032 3298 Cautuariensis
1061 3236 1290 3320 archiepisco-

201 3319 255 3348 ⁰¹¹''
336 3352 411 3413 pus,
434 3333 477 3395 ad
500 3335 750 3399 cardinalatum
773 3343 985 3416 assumptus,
1006 3335 1120 3400 factus
1144 3346 1200 3402 est
1219 3341 1290 3422 epi·

335 3452 463 3515 scopus
487 3432 703 3497 Portuensis.
756 3433 836 3497 Rex
853 3433 992 3517 Angliae
1021 3435 1128 3500 filiam
1151 3440 1287 3503 comitis

337 3531 535 3596 Leicestriae
553 3534 643 3615 apud
668 3533 799 3597 insulas
816 3534 958 3599 Sillinas
976 3543 1115 3619 captam
1139 3537 1288 3621 principi

336 3631 474 3695 Walliae
503 3652 647 3697 uxorem
673 3633 780 3709 dedit,
809 3636 1006 3716 nuptiarum
1033 3635 1286 3702 solemnitatem

334 3731 498 3812 impensis
521 3734 671 3815 propriis
697 3753 817 3814 agens,
834 3753 966 3816 suaque
993 3754 1034 3798 ac
1050 3738 1181 3817 reginae
1199 3757 1286 3821 prae·

334 3832 445 3894 sentia
477 3832 556 3895 illas
591 3833 774 3898 honorans.
837 3834 918 3898 Hoc
950 3853 1041 3898 anuo
1073 3835 1192 3900 Judaei
1225 3857 1286 3921 pro

334 3938 476 3993 tonsura
506 3940 653 3996 monetae
685 3933 721 3995 in
749 3952 877 4016 magna
906 3934 1129 4000 multitudiue
1158 3937 1286 4020 ubique

367 4152 373 4180 ¹
392 4155 483 4203 ‘suam
493 4151 508 4216 ς’
526 4157 629 4205 omitted
641 4132 748 4207 inD'A.
822 4160 859 4209 Μ.
873 4176 879 4207 :
897 4159 1027 4221 ‘Duubey
1038 4154 1054 4220 ;’
1073 4160 1119 4211 Ar.
1140 4166 1208 4213 22⁰:
1232 4166 1250 4216 i.
1263 4180 1286 4215 e.

364 4289 375 4320 ¹
389 4292 538 4357 ‘Dimbe55'
550 4294 638 4347 D'A.:
659 4297 793 4358 ‘Duuby;’
820 4229 1090 4362 Drapppfflm
1099 4295 1115 4361 ς’
1129 4302 1191 4354 God.
1205 4305 1269 4369 Μ,
