2940 4950
339 450 403 515 138
693 466 765 515 nro.
789 465 937 515 rnrvnrr

339 627 423 690 nulli
436 647 512 689 earn
527 626 680 703 reddere,
696 626 760 689 nisi
775 626 849 709 regi
862 625 1014 707 Angliae,
1029 626 1123 691 sicut
1137 627 1302 693 dominus

338 746 422 790 suus
439 728 588 790 moriens
606 726 790 791 ordinavit.

176 842 325 891 counfflenn
390 826 476 890 Post
499 826 572 890 lnec
595 828 639 889 ab
662 827 824 891 universo
848 826 976 909 populo
997 827 1034 890 in
1057 846 1176 909 regem
1194 826 1301 891 Jeru-

175 896 193 933 is
201 894 279 932 clnnen

176 945 260 991 unior
338 926 445 990 salem
464 927 603 1007 eligitur
618 946 732 990 comes
749 926 925 990 Henricus
937 925 1153 1010 Campaniae.
1185 926 1301 1009 Super

177 995 303 1033 '‘mmm''
338 1027 429 1109 quod
446 1027 571 1090 eximie
587 1027 728 1090 laetatus
752 1045 813 1089 rex
839 1026 1023 1103 Ricardus,
1045 1028 1168 1091 statim
1186 1027 1299 1090 eidem

338 1126 513 1190 civitatem
534 1120 669 1190 ¹Achon
695 1126 866 1190 concessit
890 1127 926 1189 in
949 1126 1138 1191 dominium
1169 1128 1300 1210 sempi-

340 1236 483 1291 ternum.
530 1226 617 1290 Post
652 1226 726 1289 lraec
752 1224 927 1308 profectus
955 1246 1018 1291 rex
1045 1225 1225 1291 Ricardus
1256 1226 1300 1291 ad

338 1335 489 1390 castrum
519 1327 664 1402 Durum,
693 1326 784 1408 quod
811 1334 886 1390 erat
914 1325 1154 1403 fortissimum,
1177 1326 1298 1390 decem

339 1436 373 1491 et
396 1434 528 1509 septem
557 1427 708 1489 turribus
736 1426 917 1503 munitum,
944 1420 1142 1491 'obsidione
1170 1427 1300 1509 posita,

338 1527 428 1590 infra
462 1535 612 1609 quatuor
649 1525 723 1589 dies
759 1526 875 1607 cepit;
909 1533 1049 1609 captum
1083 1544 1171 1591 vero
1200 1526 1300 1591 dedit

340 1626 493 1690 Hernico
517 1625 646 1701 comiti,
663 1625 738 1709 jam
761 1626 796 1687 in
819 1644 933 1706 regem
951 1625 1075 1711 electo,
1092 1646 1171 1690 cum
1191 1628 1300 1709 perti·

341 1727 465 1789 nentiis
487 1726 645 1789 omnibus
668 1725 861 1806 adquisitis.
914 1725 1016 1808 Cepit
1032 1736 1111 1809 post
1128 1726 1206 1790 haec
1222 1746 1300 1791 cas·

341 1832 431 1887 trum
449 1826 541 1906 quod
562 1824 688 1888 dicitur
704 1825 861 1889 Ficuum.
909 1826 1084 1890 Redeunti
1099 1825 1227 1890 deinde
1240 1848 1303 1910 per

340 1918 551 1987 ³Cannetunr
576 1924 828 1988 Sturnollorum
855 1927 1006 1989 occurrit
1030 1924 1174 2008 quidam
1197 1926 1301 1991 cleri·

340 2043 401 2087 cus
417 2026 556 2088 veniens
570 2024 611 2087 de
627 2022 768 2105 Anglia,
789 2026 926 2088 nomine
948 2025 970 2089 J
974 2044 1103 2090 oannes
1123 2024 1170 2089 de
1192 2025 1301 2091 Alen-

342 2132 412 2201 ton,
445 2125 608 2187 nuntians
636 2122 799 2205 Angliam
831 2126 1005 2189 turbatam
1037 2146 1099 2209 per
1120 2125 1298 2191 Joannem

341 2224 500 2287 comitem
521 2224 660 2287 tratrem
680 2226 784 2304 regis,
802 2225 861 2305 qui
884 2245 906 2289 a
928 2245 1009 2307 rege
1028 2226 1203 2303 Franciae,
1227 2246 1300 2290 cre·

342 2325 411 2386 bris
449 2324 756 2388 intercurrentibus
790 2325 930 2402 nuntiis,
967 2326 1225 2391 sollicitabatur
1254 2326 1299 2391 ad

341 2423 537 2508 hujusmodi
574 2423 740 2487 nefariam
776 2424 1018 2505 proditionem.
1075 2426 1191 2509 Super
1228 2446 1298 2510 quo

343 2524 443 2586 valde
467 2531 671 2599 commotae,
702 2544 779 2587 cum
799 2525 938 2588 omnino
964 2526 1155 2608 repatriare
1182 2527 1299 2610 dispo-

343 2623 481 2699 suisset,
507 2631 585 2705 post
606 2643 798 2688 sermonem
817 2624 997 2709 cujusdam
1021 2625 1207 2709 capellani,
1229 2628 1298 2692 ele·

342 2730 465 2802 gauter
499 2723 607 2785 eidem
644 2743 774 2787 moram
813 2724 1007 2789 ulteriorem
1044 2728 1299 2808 persuadentis,

343 2823 491 2885 mutavit
506 2824 729 2904 propositum.

182 2942 273 2982 niciam
395 2922 528 2985 Deinde
552 2942 612 2986 rex
640 2923 905 3006 Bethonopolim
929 2925 1104 3007 profectus
1127 2926 1299 3011 disposuit

181 2993 271 3032 resolves
281 2997 302 3032 to

182 3043 265 3091 amn
343 3021 538 3085 Jerusalem
556 3022 734 3086 obsidere:
759 3024 818 3086 ubi
835 3023 954 3088 audito
970 3024 1060 3107 quod
1079 3025 1190 3091 Turci
1208 3028 1300 3092 sede-

181 3095 310 3139 Jerusalem

345 3129 422 3184 rent
436 3123 472 3184 in
495 3123 667 3185 montanis
691 3124 725 3185 in
752 3123 897 3199 insidiis
911 3124 993 3188 illuc
1011 3125 1190 3207 profectus
1207 3129 1300 3210 ipsos

344 3221 602 3303 comprehendit
613 3223 824 3305 improvidos
839 3242 848 3299 ;
878 3223 920 3287 de
935 3226 1060 3306 quibus
1078 3226 1241 3309 plurimis
1254 3230 1300 3291 in·

346 3322 511 3398 terfectiS,
535 3323 627 3404 cepit
645 3342 837 3404 praeconem
864 3323 1031 3402 Saladini,
1048 3325 1301 3411 plurimamque

344 3421 499 3485 lucratus
516 3430 569 3486 est
584 3423 748 3504 praedam.
801 3423 889 3486 Cum
906 3434 1022 3488 autem
1039 3427 1132 3507 apud
1149 3429 1300 3511 majores

346 3520 526 3584 altercatio
548 3531 640 3586 esset
663 3522 705 3585 de
731 3523 907 3587 obsidione
934 3524 1143 3603 Jerusalem,
1168 3548 1234 3593 rex
1261 3529 1302 3591 de

346 3621 517 3683 communi
554 3624 705 3685 omnium
742 3642 911 3686 consensu
948 3625 1030 3707 eligi
1062 3625 1145 3690 fecit
1175 3628 1302 3710 viginti

183 3742 326 3833 ppppdaffim
347 3720 451 3797 viroS,
481 3722 631 3803 quinque
656 3721 886 3804 TenrplarioS,
915 3726 1066 3808 quinque
1097 3726 1302 3810 Hospitala·

182 3845 324 3943 witi}
347 3839 427 3896 rios,
451 3822 604 3903 quinque
629 3822 793 3904 Syrianos
816 3821 909 3886 illius
930 3831 1031 3888 torrae
1054 3825 1252 3908 indigenas,
1269 3834 1304 3892 et

182 3943 286 3983 nonen
345 3939 495 4002 quinque
521 3921 563 3983 de
592 3922 792 4003 peregrinis,
820 3924 878 4002 qui
907 3924 1018 4008 jurati
1052 3927 1304 3993 arbitrarentur

182 4007 205 4034 es
220 3994 280 4032 eciall

182 4004 323 4135 allophprlp
346 4021 426 4100 quid
461 4020 503 4081 de
537 4022 714 4084 obsidione
746 4021 939 4087 Jerusalem
976 4026 1146 4107 agendum
1179 4028 1302 4093 utilius

349 4148 523 4155 -———---
1000 4156 1069 4162 —

380 4201 388 4232 ¹
405 4204 510 4251 ‘Aclron
521 4199 534 4259 ;'
552 4206 664 4265 wanting
676 4208 701 4253 in
715 4208 752 4256 Μ.
817 4214 820 4255 l
867 4206 877 4238 ³
895 4210 1064 4260 ‘Carinettum
1074 4211 1092 4271 ς’
1106 4212 1167 4262 cni.
1180 4212 1248 4277 Rrg.

380 4272 390 4299 ²
404 4274 600 4335 ‘obsidioneque
608 4274 624 4334 ;'
636 4276 674 4325 M.
687 4281 711 4323 rt
722 4276 768 4326 Ar.
817 4282 820 4295 '
