2940 4950
340 445 385 513 96
706 460 780 510 mc.
797 460 946 509 rursum

174 652 269 701 emm
339 644 408 691 uon
443 624 640 688 flecteretur
671 623 841 705 precibus,
877 623 942 688 hoc
977 622 1172 706 respondit,
1212 624 1315 705 Quin

338 725 409 789 illae
426 724 569 787 cortinae
588 723 680 787 circe
694 722 820 787 lectum
843 722 964 788 uxoris
986 742 1072 799 suae,
1092 742 1175 805 quae
1196 744 1316 811 nuper

340 823 449 887 filium
474 830 668 905 pepererat,
694 821 935 899 tendebantur,
957 840 1022 886 nec
1048 822 1129 887 inde
1160 832 1313 907 possent

339 922 560 1004 aliquetenus
577 920 738 985 amoveri.
791 921 956 986 Trunsite
973 921 1080 1003 igitur
1096 921 1309 1003 festivitate,

339 1030 440 1087 nocte
461 1022 621 1105 proxime
635 1022 739 1085 beatu
755 1020 867 1103 Virgo
885 1021 986 1085 uxori
1002 1021 1095 1086 illius
1112 1022 1304 1105 burgensis

338 1139 524 1204 apperens,
539 1120 589 1184 sic
608 1140 684 1184 eum
702 1119 913 1203 alloquitur:
930 1119 1013 1184 ‘Vir
1025 1129 1105 1185 tuus
1117 1130 1306 1204 peccatum

338 1219 470 1303 grande
500 1220 684 1296 commisit,
715 1239 779 1283 nec
806 1220 994 1303 impietatis
1023 1219 1100 1303 ejus
1133 1240 1305 1287 excessus

338 1321 486 1403 relinqui
520 1320 648 1402 poterit
682 1319 885 1402 impunitus.
936 1319 1057 1384 Tertio
1088 1320 1211 1403 iteqne
1246 1322 1304 1387 die

338 1421 504 1485 morietur
521 1418 613 1482 filius
633 1426 725 1494 tuus,
748 1426 785 1483 et
807 1419 860 1481 vir
883 1427 964 1483 tuus
985 1418 1041 1483 die
1058 1426 1187 1485 octavo
1202 1420 1303 1487 debi-

338 1528 412 1585 tum
434 1519 556 1583 mortis
578 1517 702 1594 solvet,
725 1536 847 1599 poenes
865 1517 972 1601 juxte
994 1518 1118 1583 merite
1140 1530 1301 1603 receptu·

338 1638 407 1682 rus.
459 1618 513 1681 Tu
538 1625 654 1681 eutem
679 1616 895 1699 proficiscere
916 1617 961 1682 ed
980 1617 1161 1683 ecelesiam
1185 1639 1300 1685 meum

338 1718 373 1780 in
401 1716 592 1791 Bethleem,
610 1724 645 1780 et
667 1717 862 1798 conspectis
887 1717 934 1781 ibi
955 1718 1065 1782 tribus
1091 1717 1300 1800 sepulchris,

339 1816 402 1879 tibi
430 1816 577 1879 medium
613 1815 730 1897 eliges.
795 1815 939 1880 Interim
969 1836 1052 1880 vero
1083 1818 1179 1880 omni
1211 1817 1301 1884 ferie

339 1923 477 1996 quarte,
495 1915 587 1979 circe
604 1914 722 1978 horam
746 1934 884 1993 nonem,
904 1915 1039 1980 deficiet
1063 1907 1115 1978 ¹in
1139 1922 1176 1980 te
1195 1918 1302 2000 spiri·

340 2022 396 2077 tus
417 2021 510 2090 tuus,
533 2022 568 2077 et
590 2014 748 2078 decurret
772 2017 817 2078 ab
839 2033 899 2079 ore
918 2022 978 2079 tuo
999 2022 1035 2078 et
1054 2015 1197 2080 neribus
1219 2036 1303 2082 sen-

339 2114 430 2194 guis,
457 2121 491 2178 et
512 2132 622 2195 usque
647 2113 689 2177 ud
719 2134 844 2178 nonum
873 2114 1009 2178 subbati
1034 2113 1131 2177 velut
1158 2124 1301 2182 mortue

338 2214 574 2295 permanebis3
593 2214 738 2277 sabbato
756 2233 838 2277 vero
856 2213 974 2277 eedem
991 2213 1076 2277 hore
1093 2215 1301 2281 restituetur

338 2313 481 2394 spiritus
506 2322 586 2377 tuus
610 2312 695 2376 tibi?
738 2313 807 2376 His
832 2312 934 2378 dictis
960 2314 1064 2377 beata
1090 2312 1204 2395 Virgo
1229 2315 1302 2379 dis·

338 2413 465 2493 paruit.
519 2411 648 2475 Mulier
663 2431 744 2475 vero
767 2412 890 2476 timore
910 2412 1015 2476 nimio
1037 2413 1299 2494 expergefacta,

337 2513 506 2575 somnium
526 2519 698 2593 repetens,
724 2510 810 2574 illud
830 2511 864 2573 in
888 2512 1041 2575 crastino
1064 2511 1208 2595 conjugi
1230 2533 1298 2580 suo

337 2630 399 2691 per
421 2611 573 2674 ordinem
594 2611 792 2688 enarravit3
819 2610 878 2691 qui
895 2611 1047 2674 mulieris
1064 2611 1172 2675 verbe
1194 2615 1298 2697 parvi

338 2710 501 2789 pendens,
524 2730 586 2774 uec
609 2709 711 2773 etiem
737 2730 815 2773 cum
835 2710 965 2774 videret
983 2711 1085 2774 tertio
1108 2708 1165 2774 die
1188 2713 1299 2778 filium

338 2809 538 2872 morientem
557 2809 598 2872 ud
618 2811 857 2891 poenitentiam
875 2817 1078 2888 commotus,
1095 2816 1224 2876 octavo
1240 2814 1300 2878 die

332 2906 438 2990 juxta
456 2909 620 2972 visionem
644 2916 891 2991 praeostensam
909 2909 1060 2973 debitum
1082 2911 1206 2975 mortis
1228 2914 1301 2977 sol·

338 3007 399 3070 vit.
452 3008 580 3071 Mulier
594 3009 718 3072 marito
733 3008 895 3072 defuncto
918 3009 1065 3072 Romam
1085 3009 1183 3088 ediit,
1204 3030 1301 3077 sum-

338 3124 461 3187 moque
477 3107 630 3190 pontifici
648 3128 717 3171 rem
735 3108 886 3172 revelet:
915 3108 1160 3189 praenuntiavit
1177 3110 1298 3191 etiam,

337 3223 428 3268 auno
457 3207 577 3288 quinto
603 3215 682 3288 post
708 3206 817 3284 illum,
841 3207 966 3270 samem
992 3207 1298 3294 pestilentiamque

337 3303 497 3369 futuram.
551 3305 703 3388 Cupiens
737 3305 960 3389 Apostolicus
990 3308 1116 3371 certior
1143 3327 1223 3374 esse
1254 3311 1299 3375 de

336 3401 400 3480 his,
416 3425 495 3487 quae
514 3407 669 3468 narravit
689 3405 824 3480 mulier,
842 3404 1019 3470 duodecim
1046 3408 1215 3472 metronis
1237 3428 1299 3475 no-

336 3501 461 3568 bilibus
494 3525 569 3568 eem
605 3503 880 3583 commendavit3
918 3505 1120 3587 praecipiens
1153 3507 1220 3585 eis,
1255 3518 1297 3575 ut

335 3619 413 3664 oum
447 3603 509 3667 ille
545 3603 723 3667 deficiente
755 3603 879 3685 spiritu
911 3604 1132 3682 obdormiret,
1164 3607 1300 3688 plantis

335 3699 411 3782 ejus
437 3701 589 3767 calentes
615 3702 756 3766 subulas
779 3703 972 3785 infigerent,
998 3704 1098 3768 etde
1123 3710 1302 3790 sunguine

336 3797 465 3864 fluente
489 3803 533 3864 ab
560 3811 673 3865 creet
697 3803 837 3865 nuribus
860 3803 996 3884 aliquas
1012 3810 1128 3868 vestes
1147 3805 1301 3892 intinge·

335 3904 423 3963 rent.
480 3899 570 3963 Haec
596 3921 673 3965 cum
702 3901 875 3979 fecissent,
902 3902 963 3966 illa
991 3904 1116 3968 necin
1142 3908 1303 3988 perfora-

336 3996 430 4061 tione
459 3999 654 4079 plantarum
679 4008 733 4063 est
756 4009 862 4076 mota,
887 4021 950 4066 nec
977 4002 1119 4067 infectio
1144 4009 1300 4074 vestium

702 4221 711 4252 ¹
727 4221 803 4271 ‘vitto
814 4223 832 4285 ς’
850 4223 919 4274 D’A.
