2940 4950
581 447 758 493 russeus.
1079 436 1144 498 245

187 611 241 667 tes
268 611 305 667 et
331 604 478 667 barones
507 601 658 683 Angliae,
681 604 946 667 assentientibus
977 603 1143 686 prmlatis,

187 702 385 765 denuntiari
417 702 572 765 feceruut
600 722 661 783 per
689 703 844 783 singulos
877 704 1075 779 comitatus,
1104 713 1142 767 ut

187 801 319 865 chartae
351 800 394 863 de
424 800 641 864 libertatibus
674 808 709 863 et
742 801 871 865 foresta
897 801 1143 866 iuviolabiliter

187 901 474 965 observarentur:
506 899 715 981 adquorum
740 900 953 978 instantiam,
973 901 1140 983 archiepi-

186 1017 314 1081 scopus
331 997 538 1062 Bonefacius
555 999 759 1061 sententiam
778 1001 1141 1064 excommunicationis

188 1097 269 1161 tulit
291 1098 328 1161 in
345 1116 464 1161 omnes
486 1116 604 1161 earum
625 1106 835 1178 spontaneos
856 1107 1139 1180 transgressores.

190 1195 395 1272 Lewelinus,
424 1196 583 1278 princeps
608 1195 760 1271 Walliae,
784 1196 930 1260 collecta
954 1217 1057 1260 manu
1082 1218 1141 1262 va·
1154 1221 1303 1262 aarum·

186 1294 270 1372 lida,
284 1295 429 1359 intravit
442 1295 643 1360 comitatum
660 1293 817 1371 Gestriae,
834 1315 936 1378 quem
955 1316 1017 1359 rex
1032 1316 1142 1378 nuper
1153 1273 1175 1312 ¹¹¹
1186 1271 1262 1311 Μ’

188 1394 361 1459 Eduardo
397 1394 469 1458 filio
505 1413 570 1458 suo
603 1393 806 1468 contulerat,
836 1403 872 1458 et
904 1397 1019 1459 omnia
1047 1396 1141 1459 caede

186 1502 293 1576 atque
323 1493 483 1558 incendio
512 1512 621 1575 usque
648 1492 690 1556 ad
722 1502 840 1574 portas
872 1495 967 1558 urbis
995 1495 1139 1558 Cestriae

186 1593 395 1657 devastavit.
463 1591 518 1656 Ad
548 1592 648 1674 cujus
680 1593 930 1674 reprimendum
962 1595 1140 1676 impeturn,

187 1691 285 1755 miles
300 1699 463 1756 strenuus
483 1699 518 1754 et
534 1691 686 1754 famosus
709 1690 822 1754 dictus
843 1692 1039 1774 Stephanus
1061 1711 1140 1774 cog-

188 1799 351 1855 nomento
380 1783 553 1863 ¹Baucan,
577 1808 653 1853 cum
676 1790 832 1854 exercitu
857 1810 879 1855 a
902 1812 983 1874 rege
1003 1794 1140 1870 missus,

187 1908 265 1954 cum
282 1891 448 1954 intrasset
464 1898 593 1954 terram
611 1887 789 1970 cujusdam
808 1889 996 1955 Walleusis
1014 1891 1139 1955 nobilis

187 1989 326 2052 nomine
343 1988 441 2065 Resi,
462 1995 691 2069 cognomento
709 1987 872 2065 Vauban,
893 1990 927 2052 id
949 1998 1003 2054 est
1021 1991 1140 2067 Parvi,

187 2086 409 2152 multitudiue
425 2087 575 2151 hostium
596 2088 631 2149 in
655 2086 739 2149 locis
761 2088 972 2169 palustribus
995 2090 1139 2153 circum·

186 2194 312 2251 ventus
334 2187 480 2251 sabbato
502 2188 538 2250 iu
561 2184 776 2249 hebdomada
798 2185 1022 2251 Pentecostes
1049 2190 1140 2252 occi·

185 2284 291 2350 ditur.
343 2285 483 2368 Reliqui
498 2292 613 2349 autem
637 2284 679 2347 de
701 2285 777 2367 ejus
800 2287 955 2349 exercitu
973 2286 1029 2349 vel
1051 2307 1140 2369 prae·

185 2384 304 2449 liando
326 2404 405 2450 cum
427 2385 514 2448 duce
536 2404 600 2448 suo
622 2383 760 2456 cadunt,
780 2384 834 2447 vel
856 2385 927 2447 vivi
950 2385 1043 2466 capti
1065 2386 1140 2449 vin-

185 2484 274 2549 culis
290 2485 542 2566 mancipantur,
557 2482 712 2564 exceptis
730 2483 849 2564 paucis
866 2484 926 2565 qui
944 2503 1005 2565 per
1022 2484 1141 2566 fugam

186 2583 334 2647 evadere
359 2590 569 2665 potuerunt.
637 2583 718 2645 Hoc
754 2600 846 2645 anno
883 2602 970 2664 puer
1001 2585 1141 2666 quidam

187 2681 419 2760 Christianus,
442 2683 579 2746 nomine
606 2681 727 2762 Hugo,
749 2701 771 2744 a
793 2680 815 2744 J
820 2681 928 2746 udaeis
951 2682 1140 2746 Lincolniae

187 2789 312 2864 captus
326 2789 391 2860 est,
409 2789 445 2844 et
464 2783 499 2845 in
521 2782 765 2863 improperium
782 2780 970 2846 Christiani
992 2784 1140 2845 nominis

184 2880 371 2945 crudeliter
383 2880 578 2944 crucifixus.

213 3084 362 3299 mssa}
435 3096 458 3133 r.
473 3096 635 3132 aouruoauu
649 3096 673 3132 a.
776 3095 929 3132 saruconuu
977 3097 1117 3133 auctorum

224 3183 328 3221 ucctvr.
381 3182 569 3219 rumsosrrv.
621 3182 725 3218 arolam
776 3182 890 3218 touovrcr
903 3183 938 3217 rx.
954 3083 1072 3308 'firm
1084 3185 1125 3219 111.

481 3275 488 3287 .
680 3274 686 3288 .
841 3243 881 3287 ³0.
1031 3244 1072 3287 to.

240 3379 475 3444 Ausxsuuuu
505 3398 596 3461 papa
627 3380 828 3460 magistrum
858 3375 1069 3439 Willelmum
1098 3377 1140 3441 de
1153 3400 1284 3440 caremus.

1152 3452 1196 3490 tlon
1206 3451 1230 3489 or

187 3478 478 3554 Sancto-Amore,
495 3478 696 3542 canonicum
713 3478 959 3542 Belvaoensem
972 3495 1140 3559 suumque
1153 3500 1280 3540 viriumr

188 3578 417 3660 capellanum,
444 3585 586 3660 propter
603 3577 875 3659 persecutionem
900 3575 1028 3659 injuste
1050 3552 1263 3641 com-⁸‘'⁸¹²¹⁰‘'

189 3687 319 3741 motam
350 3686 471 3742 eontra
503 3677 682 3758 religiosos
716 3674 967 3752 Mendicantes,
994 3685 1029 3740 et
1055 3697 1142 3758 prae-

189 3777 290 3859 cipue
312 3776 577 3852 Praedicatores,
596 3775 764 3857 Anagniae
786 3775 1046 3853 condemnavit;
1073 3778 1141 3858 pri-

189 3895 277 3940 vaus
299 3896 377 3940 eum
401 3876 595 3956 capellania
620 3894 696 3950 sua,
724 3885 759 3940 et
780 3875 874 3939 omni
897 3876 1061 3938 beneficio
1087 3895 1142 3938 ec-

188 3974 383 4041 clesiastico
413 3975 533 4038 habito
567 3984 601 4038 et
633 3974 815 4038 habendo:
855 3973 1006 4037 libellum
1037 3974 1140 4035 etiam

436 4197 443 4230 ¹
460 4201 468 4227 ‘
480 4194 602 4257 Barian3’
614 4199 653 4248 M.
664 4215 671 4246 ε
688 4201 695 4225 ‘
707 4198 810 4246 Bancau
818 4191 836 4258 ;'
849 4195 896 4244 Ar.
