2940 4950
578 494 760 543 anninus.
1077 480 1143 544 248

186 652 303 734 giuem
333 652 493 727 traxerit,
523 658 638 715 tamen
670 652 794 715 bonam
829 658 962 715 naturae
989 651 1138 716 indolem
1152 669 1248 758 m,

187 752 371 834 praeoeptis
398 750 653 832 scripturarum
676 768 853 827 exercens,
877 750 1042 832 produxit
1064 753 1139 814 ani·
1251 744 1255 755 '

187 870 282 915 mum
310 869 526 932 generosum.
578 848 662 927 Qui,
689 868 767 912 cum
792 858 884 913 esset
911 851 1076 931 magister
1103 851 1139 914 iu

186 950 334 1026 artibus,
357 968 463 1031 super
487 948 612 1011 librum
641 948 878 1013 Posteriorum
899 948 1140 1030 compendiose

186 1048 337 1131 scripsit.
389 1048 576 1112 Tractatus
592 1046 697 1111 etiem
717 1047 759 1111 de
782 1047 925 1130 Sphaera
943 1047 1034 1112 etde
1053 1047 1139 1114 Arte

186 1147 352 1230 compoti,
367 1146 546 1229 multaque
564 1145 633 1210 alia
651 1145 687 1209 in
706 1145 925 1228 philosophia
941 1147 1052 1224 utilia,
1070 1147 1138 1211 edi·

187 1244 250 1310 dit.
311 1246 446 1310 Doctor
476 1264 559 1310 vero
592 1245 628 1308 in
660 1244 786 1327 tripiici
817 1244 938 1327 lingua
972 1247 1139 1323 eruditus,

189 1344 329 1422 Indua,
359 1343 525 1421 Hebraea,
559 1352 594 1408 et
626 1342 760 1418 Graeca,
799 1344 909 1408 multa
940 1344 983 1408 de
1015 1346 1139 1427 glossis

188 1442 420 1508 Hebraeorum
441 1441 609 1519 extraxit,
630 1451 666 1506 et
688 1442 731 1506 de
747 1441 872 1507 Graeco
893 1444 1002 1508 multa
1025 1453 1138 1508 trans·

188 1543 269 1607 ferri
283 1542 376 1619 lecit,
391 1550 431 1607 ut
447 1550 533 1625 puta
548 1542 808 1607 Testamentum
826 1542 1004 1607 duodecim
1024 1542 1140 1608 Patri·

188 1641 371 1707 archamm
409 1651 445 1707 et
476 1642 583 1706 libros
625 1641 795 1723 Dionysii,
832 1661 978 1724 quorum
1013 1662 1139 1707 novam

188 1739 450 1806 translationem
475 1740 650 1824 perlucide
674 1742 930 1807 commentarit.
976 1742 1048 1806 Hic
1072 1744 1139 1807 fra·

189 1844 260 1904 tres
276 1839 419 1917 ordinis,
442 1847 513 1904 tam
534 1840 806 1904 Praedicatorum
828 1859 931 1922 quam
953 1842 1138 1919 Minorem,

187 1938 324 2004 sincera
345 1939 492 2005 caritate
511 1939 734 2022 amplectens,
755 1958 814 2003 eos
836 1940 956 2006 hahuit
979 1943 1140 2007 continue

191 2036 228 2101 iu
251 2038 415 2104 comitiva
434 2057 511 2116 sua,
534 2038 675 2104 delicias
697 2046 901 2121 computans
923 2059 1000 2104 cum
1024 2042 1073 2104 eis
1097 2041 1140 2105 de

187 2134 377 2220 seripturis
401 2138 567 2202 conferre.
618 2136 699 2201 Prae
724 2139 848 2201 ceteris
872 2140 976 2202 etiam
995 2139 1257 2203 familie-aduno

188 2255 262 2300 rem
281 2235 403 2302 hahuit
424 2236 566 2301 fratrem
587 2229 714 2301 ¹Adam
738 2236 781 2300 de
804 2236 957 2300 Matisco
978 2237 1142 2302 Bathoni-
1154 2207 1251 2246 “m

188 2335 282 2400 ensis
309 2336 479 2413 dioecesis,
502 2336 631 2400 ordinis
653 2335 840 2412 Minorum,
863 2337 899 2399 in
921 2355 1022 2400 sacra
1044 2336 1141 2401 theh-

189 2433 286 2517 legia
308 2433 484 2501 doctorem
506 2435 670 2500 eximium
698 2443 734 2500 et
755 2435 944 2516 famosum3
971 2436 1016 2499 ob
1040 2436 1139 2519 eujus

189 2532 406 2599 affectionem
422 2534 530 2599 libros
546 2554 628 2599 euos
645 2554 764 2598 omues
785 2536 970 2599 conventui
995 2535 1139 2598 fratrum

191 2631 366 2698 Minorem
381 2632 531 2698 Oxouiee
553 2633 589 2696 in
608 2641 816 2698 testamento
837 2628 992 2714 legavit.²
1044 2633 1139 2699 Huic

189 2730 289 2797 fratri
317 2731 432 2797 Adam
461 2730 662 2797 Bonifacius
686 2731 946 2797 Cantuarieusis
972 2733 1138 2816 archiepi-

189 2848 329 2913 scopus,
345 2837 512 2915 quassato
531 2831 659 2894 Elieusi
677 2830 799 2909 electo,
814 2831 968 2916 ejusdem
985 2832 1139 2897 ecclesiae

189 2929 340 2994 eontulit
358 2929 603 3014 praesulatum:
627 2929 686 2993 sed
703 2930 934 3013 appellatione
947 2932 989 2994 ad
1007 2931 1138 2996 curiam

190 3026 385 3093 Romarm
407 3022 640 3111 'interposita
662 3028 792 3092 electus
813 3031 1051 3113 episcopatum
1077 3032 1138 3094 oh-

191 3126 309 3204 tinuit,
338 3135 374 3191 et
401 3127 679 3209 archiepiscopus
709 3128 759 3191 sic
784 3129 980 3193 conferendi
1008 3131 1138 3212 episco-

189 3235 295 3308 patus
308 3225 457 3309 perdidit
471 3232 690 3309 potestatem.

191 3422 238 3641 1).
250 3438 277 3474 Ι.
287 3436 307 3475 J,
319 3436 343 3474 0.
430 3438 629 3476 P.10!ANORUM
642 3439 669 3474 a.
776 3436 929 3474 FBANOORUM
954 3428 958 3497 l
980 3440 1119 3476 ANGLORUM

228 3523 328 3563 100117.
368 3523 513 3562 ΙΙΙΟΟΕΝῊΙ
525 3523 559 3560 IV.
582 3524 709 3560 wtmhm
721 3523 739 3560 1.
774 3523 935 3561 Louothlx.
955 3520 1075 3603 paenale!
1087 3527 1126 3564 ¹11.

444 3583 484 3630 rs.
646 3584 670 3629 r.
832 3584 873 3629 nu.
956 3608 959 3641 ,
1031 3586 1071 3632 es.

244 3722 443 3788 Hunarous
474 3742 536 3786 rex
561 3720 700 3803 Angliae
728 3740 806 3785 cum
832 3723 951 3802 regina
976 3723 1142 3790 Alienora
1154 3742 1257 3831 Μ
1257 3743 1304 3831 ‘31⁸3

188 3822 227 3886 iu
261 3821 473 3887 Vasconiam
511 3820 750 3897 transfretans,
790 3820 999 3886 Edwardum
1035 3824 1141 3888 lilium
1156 3804 1299 3931 3223313„

1156 3941 1240 3981 eunte.

226 4006 236 4040 ¹
253 4009 303 4058 For
316 4009 358 4059 his
371 4009 458 4058 works
473 4023 515 4058 see
531 4008 652 4070 widin,
678 4007 801 4069 iugthcse
814 4008 890 4057 MSS.
901 4010 925 4057 iu
935 4009 977 4057 the
990 4009 1141 4057 Franciscan

189 4078 421 4140 Octscrtpwrd.
429 4078 495 4127 Min.
504 4077 653 4138 ed.llomae,
678 4082 784 4125 convent
795 4083 822 4126 ut
833 4077 942 4135 Oxsord,
953 4092 995 4125 see
1015 4078 1054 4126 his
1069 4078 1142 4125 Com·

190 4152 266 4209 18⁰6,
276 4148 357 4197 under
367 4147 410 4196 the
421 4148 493 4196 word
503 4148 511 4175 ‘
520 4141 621 4197 Adam)
678 4147 794 4195 mentarii
809 4146 842 4194 de
856 4146 948 4206 script
968 4146 1041 4206 Brit,
1059 4140 1143 4194 Hall’s

225 4215 238 4246 ¹
252 4218 302 4267 For
313 4212 432 4266 Iaeland’s
442 4217 560 4279 amusing
571 4216 651 4265 wruth
680 4215 721 4264 ed.
734 4230 760 4275 p.
769 4218 827 4264 286.

189 4287 242 4337 aud
259 4286 474 4348 disappointment
490 4287 515 4334 iu
532 4288 575 4333 not
591 4285 653 4333 tiod-
715 4282 825 4333 ³‘faeta
836 4279 1008 4344 interposits3'
1021 4284 1086 4332 Met
1098 4282 1142 4331 Ar.

960 4376 1003 4418 na
