2940 4950
574 430 754 481 ANNALRs.
1078 412 1142 476 105

184 586 354 662 drenscm,
378 586 439 649 sed
460 586 748 668 complementum
765 605 834 650 non
856 583 990 666 accepit
1012 603 1141 666 quous-

185 706 251 767 que
276 705 375 748 suum
400 687 588 767 imperator
609 686 813 767 praebuisset
837 702 1027 747 assensum.
1080 682 1104 746 J
1107 703 1144 746 o-

183 804 304 861 annes,
327 784 418 847 lilius
438 785 543 866 regis,
566 804 725 849 reversus
747 793 801 848 est
821 783 864 847 de
890 782 1061 847 Hibernia
1086 782 1143 847 de-

186 883 275 947 cimo
294 893 396 947 sexto
412 883 575 947 calendas
592 882 616 946 J
618 883 765 947 annarii.

224 1083 249 1119 n.
262 1083 287 1118 n.
298 1084 318 1118 ι.
329 1083 352 1119 c.
441 1084 463 1119 r.
477 1083 640 1118 romanorun
654 1085 680 1120 n.
775 1082 928 1117 ιιιιοοιιιιιι
976 1082 1118 1117 Λιιιιιοιιιιι

216 1169 356 1206 ιιοιιιιιιιιι.
395 1168 490 1204 ursani
503 1168 542 1205 ιιι.
557 1153 702 1288 'raeparator
714 1170 732 1206 ι.
977 1168 1084 1204 nruarcr
1095 1168 1127 1204 ιι.

462 1229 486 1273 1.
601 1229 641 1274 31.
655 1229 695 1274 at.
844 1229 869 1274 ⁵.
1037 1228 1077 1274 ³2.

238 1383 419 1447 Monrrua
439 1380 619 1446 Galfridus
641 1382 714 1445 dux
738 1382 943 1458 Britanniae,
961 1383 1054 1463 regis
1069 1381 1143 1458 An·
1159 1405 1261 1446 natan

187 1483 321 1563 glorum
342 1482 433 1545 filius
448 1481 594 1560 tertius3
618 1489 652 1546 et
670 1482 829 1564 sepultus
845 1490 898 1545 est
916 1476 1092 1557 lParisiis,
1109 1481 1145 1545 in
1158 1456 1254 1545 illiti

188 1583 334 1646 ecclesia
363 1583 474 1646 beatae
506 1579 676 1663 Virginis,
708 1590 790 1645 ante
828 1600 991 1663 magnum
1023 1580 1143 1645 altare.
1158 1555 1263 1604 ”dm

189 1681 259 1745 Hic
286 1701 328 1745 ex
355 1701 465 1746 uxore
493 1679 700 1746 Constantia
732 1700 835 1745 unam
867 1681 970 1745 filiam
1000 1681 1144 1757 habens,

190 1782 329 1844 nomine
358 1779 571 1856 Alienoram,
598 1801 742 1844 uxorem
771 1781 1035 1863 impraegnatem
1063 1779 1142 1843 reli·

190 1881 277 1962 quit.
331 1878 411 1942 Hoc
429 1899 520 1942 anno
543 1881 665 1943 beatus
688 1873 827 1960 ²Ilugo,
848 1881 942 1961 prior
962 1879 1144 1962 cujusdam
1157 1900 1298 1951 sunnia

191 1978 312 2041 domus
336 1978 466 2041 ordinis
489 1977 658 2041 cartusiae
680 1980 716 2041 in
740 1978 880 2042 dioecesi
905 1977 1144 2054 Batboniensi,
1158 1951 1254 1991 ¹⁴¹⁰⁰⁰¹¹¹'

191 2083 399 2158 procurante
433 2094 514 2155 rege
547 2077 590 2139 ob
619 2077 820 2157 religionem
848 2085 883 2140 et
913 2078 1146 2153 sanctitatem,

192 2194 296 2257 quam
312 2175 348 2237 in
363 2194 404 2237 eo
420 2174 604 2256 plurimum
618 2175 860 2250 venerabatur,
878 2183 1076 2256 assumptus
1094 2183 1147 2238 est

192 2275 235 2337 ad
255 2273 506 2338 Lincolniensis
520 2273 674 2336 ecclesiae
691 2272 927 2355 praesulatum.
972 2273 1147 2336 Henricus

191 2393 254 2438 rex
269 2373 496 2449 Teutonicus,
511 2372 602 2435 filius
615 2373 846 2455 imperatoris,
858 2371 960 2435 duxit
977 2371 1147 2437 Constan-

193 2473 288 2548 tiam,
304 2474 446 2536 amitam
464 2471 632 2536 Willelmi
650 2473 741 2554 regis
761 2471 899 2538 Siciliae.

242 2572 352 2635 Sexto
369 2571 489 2635 Martii
509 2571 615 2654 juxta
633 2570 824 2635 Gisortium
847 2571 987 2635 redacta
1006 2580 1087 2635 sunt
1103 2572 1146 2634 ad
1160 2596 1235 2637 unae

1160 2651 1241 2688 eventa

192 2691 312 2754 pacem
331 2680 365 2736 et
382 2671 613 2749 concordiam,
633 2691 710 2754 quae
735 2673 959 2735 vertebantur
980 2672 1070 2735 inter
1091 2691 1146 2735 re-

194 2771 509 2853 gemFrancorum
536 2778 572 2834 et
597 2772 757 2835 comitem
787 2770 973 2848 Flandriae,
1002 2770 1045 2834 de
1073 2778 1148 2834 toto

194 2880 389 2935 tenemento
409 2869 587 2953 Radulpbi
610 2870 783 2953 quondam
805 2871 941 2935 comitis
963 2870 1149 2935 Viroman-

193 2971 327 3034 dorum.
380 2969 581 3049 Quinetiam
610 2971 769 3052 quaestio,
798 2990 876 3052 quae
908 2978 1003 3034 mota
1034 2970 1149 3034 fuerat

193 3071 285 3132 inter
311 3089 424 3151 regem
453 3068 646 3150 Anglorum
670 3077 705 3134 et
726 3069 964 3150 Margaretam
992 3069 1148 3133 relictam

196 3168 257 3230 filii
284 3169 338 3230 sui
364 3169 468 3249 regis,
495 3176 566 3231 tam
588 3187 692 3251 super
717 3169 796 3232 dote
820 3188 884 3232 sua
912 3188 1015 3251 qnam
1044 3188 1149 3251 super

194 3267 380 3331 donatione
412 3274 554 3349 propter
588 3267 739 3349 nuptias,
772 3267 944 3331 amicabili
978 3269 1147 3348 composi·

195 3367 289 3431 tione
313 3365 415 3430 finem
438 3365 584 3448 accepit.
637 3365 716 3430 Rex
746 3364 955 3448 Anglorum,
977 3385 1047 3429 una
1069 3385 1147 3430 cum

195 3468 328 3548 regina,
363 3466 398 3528 in
428 3464 593 3546 Angliam
626 3466 808 3542 transiens,
837 3467 872 3530 in
905 3476 1006 3548 portu
1039 3464 1149 3529 Ham·

195 3575 285 3630 tonae
309 3566 476 3648 applicuit
498 3566 619 3648 quinto
642 3565 707 3630 cal.
735 3565 833 3629 Maii.
886 3566 1082 3630 Willelmus
1105 3565 1148 3629 de

195 3665 300 3743 Vecr,
319 3666 372 3728 vir
394 3665 517 3728 nobilis
542 3685 679 3747 genere,
705 3674 926 3730 consecratus
953 3675 1006 3730 est
1032 3667 1069 3730 in
1093 3666 1148 3729 die

194 3765 231 3829 S.
248 3765 426 3829 Laurentii
444 3754 480 3827 in
500 3766 699 3848 episcopum
720 3766 1022 3831 Heresordensem.
1061 3765 1149 3829 Wil-

233 3973 241 4005 ¹
256 3976 264 4002 ‘
276 3975 392 4024 Parisino
403 3974 419 4035 3'
435 3975 469 4023 ull
487 3974 529 4024 the
541 3975 617 4025 MSS.
629 3981 658 4024 ut
683 3974 740 4023 lour
752 3976 840 4037 prieur
901 3977 1062 4035 etandereyn
1120 3976 1148 4024 lu

195 4061 347 4163 augre-seint
366 4114 445 4163 lluue
528 4116 657 4175 primiere·
683 4040 1150 4173 sfficffisquseegahilsliffleg'ylxm,

198 4190 264 4235 ment
281 4184 308 4233 lu
324 4184 447 4233 cbanoine
462 4150 541 4245 ruler,
560 4185 582 4232 ἃ
599 4185 658 4246 puis
686 4184 773 4232 Carth.
788 4150 860 4232 lato.
1142 4149 1148 4164 Ι
