2940 4950
585 470 768 519 annates.
1086 456 1151 523 321

194 633 347 690 nuernnt
371 626 489 691 statim
513 628 618 711 regiae
644 629 817 710 petitioni,
849 628 1016 693 confectis
1045 647 1150 710 snper

193 724 261 789 hoc
282 725 408 789 litteris
434 736 470 791 et
492 728 536 793 ab
555 728 684 792 eisdem
710 729 872 810 signetis,
891 727 1147 793 continentibus

193 825 231 888 in
250 824 388 891 Gallico
404 826 497 890 hunc
514 821 710 892 tenorem:¹

244 924 442 990 ‘Omnibus
470 936 659 1009 praeserrtes
689 927 824 991 litteras
848 927 974 993 visuris
998 927 1055 990 vel
1082 949 1144 993 au·
1160 940 1261 991 tneor

192 1023 333 1101 diteris,
364 1025 561 1090 Florentius
587 1046 701 1091 comes
736 1026 936 1104 Holandiae,
970 992 1241 1092 Βοίιοιῖιιεῖεωιι.
1183 993 1287 1033 m

190 1123 237 1187 de
264 1125 356 1189 Brns
383 1124 542 1189 dominns
566 1125 681 1191 Vallis
707 1125 890 1202 Anandiae,
919 1125 1074 1192 Joannes
1103 1053 1286 1231 ἀοιοὲᾗξὲῑὶδῗιιι

192 1222 346 1290 Balliolo
373 1224 531 1289 dominus
561 1225 945 1303 Ga1widiae,Joannes
973 1227 1016 1291 de
1048 1227 1144 1291 Has·
1158 1242 1190 1281 ra
1192 1243 1254 1283 md

192 1322 309 1404 tinges
338 1324 497 1389 dominus
524 1324 814 1406 Abergavenniae,
841 1324 998 1389 Joannes
1021 1324 1145 1390 Comin

191 1421 352 1487 dominus
368 1424 410 1488 de
428 1423 608 1501 Badenan,
621 1424 796 1488 Patricius
811 1425 853 1488 do
872 1425 1018 1489 Dunbar
1030 1446 1144 1490 comes

194 1520 376 1600 Mercbiee,
397 1524 552 1588 Joannes
576 1525 618 1587 de
634 1523 738 1588 Vesci
764 1525 838 1588 vice
864 1525 973 1607 patris
993 1526 1059 1603 sni,
1078 1526 1144 1590 Ni-

191 1622 313 1685 coleus
337 1623 380 1687 de
409 1622 523 1700 Snies,
547 1623 744 1688 Willolmus
767 1624 809 1688 de
828 1625 916 1702 Ros,
938 1626 1086 1689 salutem
1108 1626 1144 1689 in

192 1720 355 1787 Domino.
407 1723 499 1802 Quia
520 1724 562 1787 de
593 1725 683 1787 bona
709 1724 889 1789 voluntate
913 1734 948 1788 et
971 1727 1141 1789 communi

191 1839 350 1898 assensn,
368 1823 441 1887 sine
468 1823 560 1887 omni
574 1816 783 1900 ²coaotione,
805 1824 989 1888 annuimus
1007 1832 1042 1888 ct
1057 1844 1140 1888 con·

190 1922 360 1985 cessimus
377 1921 483 1987 nobili
499 1923 646 2005 principi
662 1923 801 1987 domino
820 1922 1005 2000 Eduardo,
1027 1925 1142 2005 gratia

192 2019 266 2084 Dm
291 2022 364 2104 regi
388 2020 541 2104 Angliae,
568 2021 659 2104 quod
682 2022 757 2104 ipse
784 2028 963 2104 tamquam
986 2024 1142 2104 superior

189 2119 352 2183 dominns
369 2128 470 2185 terrae
490 2122 617 2186 Scotiae
640 2121 750 2204 possit
773 2122 904 2198 audire,
931 2121 1142 2199 examinare,

189 2226 229 2285 et
257 2218 402 2284 diffinire
432 2221 690 2285 vendicationes
720 2229 856 2285 nostras
881 2228 917 2285 et
945 2221 1141 2303 petitiones,

189 2336 281 2401 qnos
304 2318 515 2385 intendimus
541 2321 723 2385 ostendere
746 2330 781 2385 et
808 2321 955 2403 probare
980 2341 1043 2402 pro
1061 2320 1142 2404 jure

188 2426 311 2483 nostro
338 2420 533 2504 recipiendo
558 2440 674 2485 coram
698 2440 751 2498 co,
778 2428 942 2503 tanquam
973 2421 1141 2502 superiori

186 2517 330 2583 domino
352 2527 476 2599 terrae3
510 2520 752 2603 promittentes
781 2520 922 2602 insuper
953 2519 1043 2601 quod
1069 2520 1141 2583 sac·

188 2625 264 2681 tum
280 2638 380 2683 suum
403 2620 606 2685 habebimus
633 2619 767 2683 firmum
786 2628 820 2684 et
836 2619 973 2695 stabile,
997 2627 1032 2684 et
1048 2620 1139 2702 quod

187 2716 249 2780 ille
281 2720 450 2785 obtinebit
476 2739 622 2801 regnum
648 2720 788 2796 Scotiae,
811 2718 872 2803 jus
898 2720 998 2803 cujus
1024 2720 1140 2802 potius

187 2816 423 2883 declarabitur
435 2838 550 2883 coram
568 2840 621 2884 eo.
674 2818 763 2883 Cum
787 2828 902 2883 autem
928 2839 996 2882 non
1023 2829 1141 2901 posset

188 2916 357 2999 praesatns
388 2938 450 2984 rex
487 2919 628 3001 Angliae
668 2919 736 2982 isto
775 2919 878 2983 modo
908 2919 1140 3001 cognitionem

189 3014 304 3081 facere
331 3037 393 3083 nec
420 3018 592 3101 complere
615 3018 689 3082 sine
710 3017 856 3102 judicio,
879 3038 942 3082 nec
968 3018 1139 3101 judicium

187 3114 314 3182 debeat
331 3136 407 3182 esse
429 3118 503 3183 sine
527 3118 761 3195 exsecutione,
788 3137 852 3181 nec
880 3119 1138 3181 exsecutionem

186 3216 300 3298 possit
332 3217 449 3282 debito
479 3218 582 3281 modo
617 3218 730 3281 facere
758 3216 832 3280 sine
859 3217 1077 3300 possessione
1104 3226 1139 3280 et

186 3314 317 3380 seisina
346 3315 498 3401 ejusdem
522 3324 624 3381 terrae
648 3324 682 3380 et
699 3323 891 3379 castrorum
912 3314 1000 3398 ejus,
1024 3307 1140 3379 ⁸volu-

186 3432 265 3478 mus
291 3423 327 3480 et
349 3416 533 3480 annuimus
562 3424 597 3481 et
619 3415 836 3479 concedimus
855 3414 946 3497 quod
966 3414 1040 3495 ipse
1064 3421 1138 3476 tan-

185 3532 293 3596 quam
327 3515 487 3579 dominus
515 3516 672 3599 superior
704 3514 747 3577 ad
779 3513 1022 3597 perficiendum
1051 3531 1139 3596 prec-

185 3612 281 3678 dicto
308 3613 435 3680 habeat
467 3614 629 3680 seisinnm
670 3615 778 3678 totius
815 3621 915 3678 terree
949 3612 1075 3677 Scotiae
1105 3621 1139 3677 et

185 3718 378 3778 castroium
404 3715 492 3799 ejus,
518 3733 698 3798 quousque
710 3714 771 3797 jus
796 3714 832 3778 in
848 3733 991 3795 regnum
1018 3720 1138 3796 peten-

186 3812 280 3877 tibus
306 3814 410 3879 fuerit
438 3814 679 3892 satisfactum
706 3814 757 3877 ita
783 3822 899 3878 tamen
925 3813 1017 3895 quod
1044 3822 1139 3878 ante-

184 3930 291 3993 quam
325 3913 451 3979 habeat
485 3914 660 3989 seisinam,
694 3914 818 3977 bonam
849 3921 884 3977 et
913 3911 1138 3976 sufficientem

221 4119 301 4170 1ἸἾιο
312 4123 419 4184 original
430 4138 488 4185 may
501 4124 533 4171 be
550 4137 609 4171 seen
621 4123 647 4170 in
710 4119 791 4170 ⁸The
802 4127 919 4171 sentence
935 4121 997 4169 from
1007 4119 1058 4168 this
1069 4120 1139 4169 word

184 4190 280 4243 Durat.
292 4206 319 4252 p.
331 4196 389 4254 596,
400 4194 451 4241 and
468 4193 545 4242 Here.
561 4208 588 4254 p.
601 4196 640 4241 8⁵.
675 4198 700 4240 to
713 4192 875 4253 ‘quousque,’
887 4206 903 4239 a
914 4191 964 4240 few
975 4191 1039 4239 lines
1047 4189 1140 4249 below,

219 4258 231 4288 ⁸
244 4261 458 4315 ‘conuadictione
469 4258 482 4323 ;'
495 4256 563 4312 ΠΛ.
675 4262 698 4311 is
709 4262 814 4310 omitted
825 4262 858 4322 by
870 4260 938 4310 D'A.

966 4352 988 4396 Y
