2940 4950
165 613 191 647 1).
204 612 229 646 Ν.
241 612 261 646 J·
272 610 297 645 0·
391 608 629 651 anomnonnuq,
700 637 703 642 .
743 611 894 646 runnconun
937 611 1074 646 nnsnonun

183 696 281 732 nerui.
329 694 517 733 innocensus.
547 694 700 731 conmorit.
733 695 848 731 wnovrcr
859 696 905 733 vn.
942 696 1064 732 smrnnnr

402 754 442 799 12.
616 756 640 799 ὁ.
807 757 832 800 ⁶.
996 757 1021 801 7.

196 907 282 971 Rnx
299 905 529 981 srrrmnns,
549 906 641 987 apud
661 907 853 971 Wiltonam
873 907 1098 971 munitionem

145 1014 360 1080 construens,
376 1005 556 1086 repentina
576 1005 725 1068 bostium
745 1006 936 1088 irruptione
958 1006 1099 1086 fugatus

147 1111 212 1180 est,
237 1103 393 1185 plurimis
416 1123 555 1168 snorum
578 1104 725 1168 amissis.
752 1103 887 1186 Captus
903 1112 957 1168 est
974 1105 1099 1167 ibidem

148 1203 240 1284 regis
256 1202 389 1284 dapifer
410 1202 606 1266 willelmus
628 1213 857 1283 cognomento
885 1197 1100 1278 ¹Marcellus,

148 1302 207 1384 qui
227 1305 288 1382 pr'o
308 1301 541 1382 redemptione
562 1300 715 1380 corporis
734 1303 789 1363 sni
810 1301 1101 1364 schireburnense

149 1400 329 1463 castellnm
358 1399 472 1462 nobile
495 1399 696 1479 resignavit.
748 1399 880 1463 Eodem
906 1418 1010 1476 anno,
1032 1399 1099 1462 for-

149 1506 234 1561 tuna
251 1498 465 1578 retrograda,
479 1517 542 1560 rex
556 1497 807 1579 imperatricem
826 1499 862 1561 in
883 1498 1023 1561 Oxonia
1041 1517 1103 1578 per

151 1615 286 1660 menses
312 1597 446 1678 aliquot
470 1596 646 1660 obsidione
668 1597 847 1661 conclusit.
901 1596 1001 1676 Quae,
1026 1596 1101 1659 din·
1115 1611 1226 1699 nanab

151 1697 233 1760 tinae
254 1695 441 1759 obsidionis
461 1688 638 1776 'angustia
657 1696 849 1777 impatiens,
870 1716 916 1760 ex
938 1693 1102 1776 temporis
1115 1671 1200 1760 dliii-⁰⁸
1226 1670 1240 1708 y

150 1795 318 1876 qualitate
335 1794 551 1858 occasionem
575 1794 667 1875 sugae
690 1802 805 1872 nacta,
825 1795 937 1860 noctis
960 1801 994 1858 et
1014 1793 1103 1857 nivis

152 1894 328 1969 beneficio,
360 1894 395 1955 in
426 1901 522 1956 veste
559 1893 638 1956 alba
678 1887 920 1958 ³Thamensem
960 1893 1102 1956 fluvium

153 2011 271 2055 crassa
296 1991 408 2072 glacie
430 1991 567 2054 transiit
587 1999 852 2073 superstratum,
873 1994 992 2073 sicque
1016 1992 1105 2073 peri·

153 2088 267 2151 culum
282 2089 433 2151 evadens
446 2090 482 2151 in
498 2089 575 2151 loca
590 2108 627 2152 se
643 2090 820 2154 transtulit
837 2092 976 2155 tutiora.
1011 2090 1103 2166 Rex,

155 2187 282 2268 oppido
295 2194 410 2268 capto,
421 2205 651 2268 successuque
661 2187 774 2251 sactus
786 2188 938 2265 hilarior,
952 2187 1104 2270 priorum

154 2286 250 2348 visus
267 2292 321 2347 est
335 2292 518 2346 eventuum
532 2283 727 2366 aliqualiter
741 2284 889 2348 dedecus
911 2285 1103 2349 detersisse.

215 2382 623 2464 Constantinopolitanus
642 2383 829 2464 imperator
847 2384 1028 2459 Emanuel,
1043 2385 1104 2448 ob-

155 2500 251 2545 sessa
268 2479 467 2563 aliquandiu
486 2480 684 2557 Antiochia,
700 2500 786 2563 pace
803 2483 897 2546 facta
911 2500 989 2545 cum
1010 2482 1104 2564 prin-

153 2580 242 2663 cipe,
274 2581 451 2644 civitatem
482 2580 636 2643 intravit.
690 2580 814 2644 Multis
839 2580 962 2645 deinde
994 2581 1105 2663 captis

154 2680 336 2761 praesidiis,
371 2679 452 2742 dum
483 2679 661 2743 venationi
691 2679 878 2756 insisteret,
919 2699 1105 2762 arcumque

156 2778 374 2842 vehementer
386 2777 554 2854 tenderet,
576 2797 597 2841 a
620 2778 807 2860 semetipso
830 2779 962 2860 sagitta
983 2779 1103 2842 vulne·

155 2885 252 2941 ratus
278 2877 435 2940 toxicata
457 2877 492 2938 in
514 2895 616 2939 mann
639 2876 792 2954 sinistra,
813 2875 1024 2958 defungitur,
1051 2897 1102 2941 re-

153 2976 236 3039 licto
254 2976 324 3039 filio
343 2974 512 3037 Emanuel
530 2994 737 3038 successore.

206 3074 388 3138 Dissensio
410 3074 502 3136 inter
525 3093 652 3155 papam
680 3093 866 3156 regemque
892 3074 1105 3137 Francorum

155 3180 280 3237 exorta
308 3179 372 3247 est,
400 3172 482 3253 qnia
510 3173 681 3252 quendam
707 3171 851 3236 Petrum
874 3174 1011 3235 nomine
1033 3173 1106 3235 sine

156 3289 299 3334 assensn
315 3270 412 3350 regio
429 3271 681 3334 Bituricensem
699 3271 993 3353 archiepiscopum
1014 3271 1106 3333 ordi-

157 3369 266 3445 navit,
281 3388 384 3452 quem
401 3368 516 3432 sedem
535 3387 633 3432 suam
658 3368 838 3433 adenmem
862 3388 923 3432 rex
947 3368 1106 3432 exclusit.

158 3469 335 3552 Receptus
358 3475 472 3532 tamen
496 3474 551 3531 est
572 3486 594 3531 a
617 3468 742 3532 comite
765 3468 966 3549 Campaniae
993 3466 1108 3531 Theo·

156 3568 280 3646 bald03
304 3567 557 3651 propterquod
583 3586 645 3631 rex
664 3567 782 3632 comiti
808 3567 972 3644 offensus,
994 3567 1108 3650 ipsum

155 3667 341 3751 plurimum
359 3667 576 3731 molestabat.

192 3904 622 3974 ¹‘Martellus‚'D'A.inmargine,
681 3905 867 3972 '‘angustiae3'
892 3904 975 3959 M:
1005 3906 1110 3957 omitted

156 3981 205 4029 and
218 3979 286 4030 Mat
299 3979 346 4030 Ar.
644 3981 670 4028 in
682 3979 722 4028 Μ.
