2940 4950
575 432 757 481 nunnius.
1077 414 1140 479 161

185 587 356 667 usquead
381 587 470 652 diem
488 588 611 672 judicii
636 590 745 655 libens
765 609 829 674 pro
853 590 937 653 meis
960 589 1139 653 admittam

186 686 345 751 delictis.'
401 687 540 753 Prolem
576 710 659 753 vero
692 711 761 754 non
793 690 935 766 habens,
968 690 1140 754 Joannem

186 785 329 850 fratrem
358 806 459 851 suum
488 791 597 871 regui,
628 810 670 853 ac
704 800 872 853 terrarum
904 808 1043 852 suarum
1072 810 1140 852 om-

186 886 294 962 nium,
313 895 522 952 testamento
537 909 601 952 suo
619 889 815 971 designavit
830 889 1001 953 heredem.
1053 889 1142 952 The-

186 986 282 1048 sauri
300 1006 381 1051 vero
399 988 454 1050 eui
470 981 556 1052 ¹tres
574 998 691 1072 partes
710 989 853 1065 Othoni,
873 989 990 1070 nepoti
1013 1009 1089 1066 suo,
1107 990 1143 1051 in

185 1104 302 1166 regem
328 1086 564 1151 Romanorum
582 1089 657 1171 jam
676 1100 853 1165 coronato,
871 1088 1040 1166 contulit;
1066 1088 1142 1151 reli-

186 1203 291 1267 quam
331 1187 560 1251 servientibus
594 1189 667 1251 suis
705 1189 982 1271 pauperibusque
1012 1187 1142 1251 divisit.

187 1282 344 1348 Tandem
366 1285 497 1349 dierum
524 1287 680 1350 undecim
706 1287 874 1369 languore
900 1298 1060 1361 vexatum
1090 1288 1144 1349 die
1156 1298 1276 1338 *liuderu-

188 1383 403 1463 duodecimo,
426 1394 552 1450 octavo
575 1386 733 1450 videlicet
755 1387 831 1450 idus
859 1386 1000 1469 Aprilis,
1029 1348 1243 1449 aetatisnm.

189 1502 263 1547 suae
291 1504 382 1549 anuo
405 1486 670 1568 quadragesimo
702 1487 864 1563 secunde,
897 1487 985 1549 diem
1019 1487 1145 1549 clausit

188 1590 393 1648 extremum.
447 1585 517 1649 Hic
546 1585 718 1650 Ricardus
749 1594 890 1668 propter
921 1587 1145 1668 magnanimi-

189 1690 298 1748 tatem
330 1685 455 1762 cordiS,
488 1688 571 1769 quia
598 1686 708 1749 ardua
733 1706 879 1768 quaequo
953 1685 1049 1767 gredi
1077 1705 1144 1748 non

190 1782 330 1865 refugit.
354 1784 424 1849 Gor
447 1785 556 1849 leonis
574 1786 770 1867 appellatus
791 1795 844 1849 est
863 1786 907 1848 ab
926 1783 1086 1867 Anglicis
1110 1792 1145 1848 et

189 1880 416 1949 Normannis.
469 1885 589 1968 Hujus
605 1892 749 1949 mortem
771 1886 936 1965 magister
952 1879 1144 1948 ²Gallridus
1260 1918 1280 2035 Ι
1348 1928 1375 1947 ,

188 1981 233 2046 de
251 1982 456 2060 Vinosalvo,
476 1986 511 2047 in
532 1985 619 2048 libro
642 2004 743 2067 quem
768 1984 811 2048 de
828 1984 1038 2066 Eloquentia
1052 2004 1145 2048 com·
1188 1896 1259 2189 is
1284 1929 1353 2111 Vi

190 2082 320 2164 posuit,
336 2085 493 2149 miluus
509 2084 562 2147 his
580 2084 762 2167 deplorat:

291 2271 300 2299 ‘
315 2262 450 2323 Neuetria
463 2266 516 2323 aub
530 2266 630 2344 clypeo
644 2266 720 2342 regis
735 2265 852 2322 defensa
867 2264 992 2332 Ricardi‚
1160 2272 1292 2362 piem?

312 2358 464 2419 Indefensa
477 2361 571 2429 modo,
584 2370 668 2439 gestu
682 2369 787 2419 testare
801 2360 937 2417 dolorem.
1160 2372 1290 2413 inmemor

314 2456 461 2515 Exaudeut
474 2458 547 2516 oeuli
561 2458 708 2536 lacrymas,
723 2458 954 2515 exterminatore
1163 2422 1264 2463 ΝΜ

315 2552 421 2623 Pallor,
435 2554 575 2612 connodet
589 2555 691 2631 digitos
705 2564 824 2623 tortura,
839 2562 968 2611 cruentet

313 2650 454 2709 Interiora
466 2650 554 2721 dolor,
568 2661 596 2708 et
609 2651 740 2709 verberet
753 2651 859 2708 aethera
872 2650 988 2707 elamor.

316 2746 391 2805 Tota
403 2748 479 2824 peris
492 2767 526 2804 ex
539 2756 631 2805 morte
645 2767 714 2805 sua:
736 2766 813 2805 mors
827 2747 952 2804 nonfuit
966 2747 1037 2821 ejus,

193 2926 627 2937 ————-———————-
632 2926 800 2935 *m

231 3066 240 3097 ¹
258 3069 300 3117 ‘in
312 3072 364 3119 tren
375 3074 460 3130 partes
470 3063 484 3129 ;’
496 3068 535 3115 Μ.
544 3068 625 3117 etAr.
687 3068 749 3115 wine
772 3067 831 3115 ‘De
854 3071 908 3114 arte
930 3059 1049 3113 dicendi.'
1096 3062 1150 3111 The

687 3137 846 3185 Itiuorarium
869 3136 898 3184 ol
918 3134 1039 3194 Richard,
1060 3133 1086 3180 in
1108 3132 1151 3179 the

231 3204 244 3235 ³
259 3206 539 3269 Geoffreydevineaul
547 3206 663 3255 flouriah·
689 3206 758 3255 Hiot.
770 3206 847 3266 Angl.
866 3206 958 3265 Script.
971 3204 997 3251 ii.
1015 3218 1042 3263 p.
1054 3205 1111 3261 alu,
1129 3202 1151 3249 is

194 3278 228 3329 ed
240 3278 266 3327 iu
274 3277 326 3326 thia
332 3276 383 3326 and
391 3277 434 3325 the
440 3276 570 3338 following
579 3276 664 3337 reign:
688 3276 803 3324 ascribed
816 3281 841 3323 to
853 3274 913 3323 him.
939 3272 1063 3332 Alluding
1074 3276 1099 3318 to
1110 3270 1152 3319 the

196 3362 242 3399 nee
264 3346 342 3407 inira,
363 3346 397 3395 ad
420 3360 479 3395 ann.
500 3350 573 3395 1204.
609 3320 1153 3435 Thelliuebeginning‘OVenerielaery-

193 3418 262 3467 lines
284 3417 309 3465 in
332 3414 375 3465 the
396 3420 452 3465 text
471 3430 514 3464 are
537 3415 599 3475 from
624 3414 664 3463 hia
689 3430 760 3464 mosa
779 3414 853 3473 ‹lies‚'
872 3428 895 3460 ν.
916 3417 941 3470 8,
955 3412 1073 3461 Chaucer
1094 3409 1153 3457 thus

675 3460 679 3491 1

196 3502 272 3551 poem
283 3480 570 3571 ‘Qu-Poeni&
581 3484 664 3533 other·
675 3494 679 3535 t
690 3484 825 3534 addreaaes
836 3482 948 3531 Viusnul
953 3499 960 3529 ι

233 3604 240 3617 “
339 3610 381 3663 ‘0
393 3611 529 3671 Gaut'ride,
539 3612 599 3660 dere
609 3612 713 3659 nraiater
723 3611 848 3667 eoverain,

355 3682 432 3744 Thut,
441 3683 518 3731 when
529 3682 574 3742 thy
585 3682 684 3741 worthy
695 3680 806 3730 ltichard
818 3692 872 3727 was
883 3679 948 3726 elain

356 3752 427 3801 With
439 3752 505 3805 ahot.
516 3751 715 3812 complainedeat
725 3751 766 3798 his
777 3749 837 3798 deth
849 3763 878 3796 eo
889 3763 954 3807 sore,

358 3822 425 3884 Why
437 3836 469 3871 oe
479 3821 531 3870 had
543 3822 556 3869 1
568 3836 625 3869 now
637 3821 682 3881 thy
692 3821 801 3879 aeieme,
811 3818 861 3867 aud
873 3818 917 3878 thy
929 3818 990 3873 lore,

360 3892 409 3941 rte
422 3892 566 3955 Fridupsor
578 3895 602 3938 to
612 3890 697 3938 chidon
708 3906 736 3939 ua
747 3891 789 3938 did
800 3893 845 3952 yet

362 3963 425 4026 (For
434 3976 467 4010 on
478 3977 495 4012 a
506 3960 600 4021 Friday
611 3960 710 4020 sornely
721 3960 785 4009 elain
798 3972 852 4005 was
863 3956 917 4016 he.)

358 4032 430 4081 Thau
441 4031 511 4081 wold
522 4031 535 4078 1
549 4031 620 4079 ehew
631 4044 680 4090 you
693 4029 750 4077 how
762 4030 817 4077 thot
829 4028 840 4074 l
854 4026 929 4075 could
942 4018 1044 4084 plaiae!

619 4099 669 4148 rte
681 4100 779 4147 Nonner
793 4096 902 4146 Preietos
914 4095 980 4153 Tute,
991 4108 1015 4139 v.
1031 4095 1118 4138 15353.

693 4163 839 4229 Tyrwhitt's
850 4165 891 4213 ed.
904 4164 941 4213 iii.
953 4177 979 4223 p.
990 4165 1049 4210 212.

979 4294 1003 4339 M
