2940 4950
366 448 429 511 188
723 464 796 511 mo.
819 464 966 511 rmvnm

201 635 343 728 ¹¹33ququ
366 643 505 705 regnum
526 623 706 686 Hiberniae
730 642 806 685 cum
831 623 924 685 omni
940 621 1021 706 jure
1044 628 1079 684 et
1102 618 1319 702 pertinentiis

202 747 261 786 9⁰90·

364 743 448 798 suis,
474 743 537 805 pre
558 722 792 803 redemptione
812 731 1033 804 peccatorum
1057 728 1266 792 nostrorum,
1285 724 1320 780 et

365 825 472 887 totius
505 824 640 904 generis
668 823 789 898 nostri,
815 829 886 885 tam
917 841 978 904 pro
1005 821 1095 884 vivis
1122 838 1225 901 quam
1255 837 1319 899 pro

364 921 547 997 defunctis,
573 930 608 985 et
630 922 753 985 amodo
781 922 841 984 illa
864 941 886 985 a
912 922 993 984 Duo
1019 929 1054 984 ct
1074 919 1221 983 ecclesia
1248 917 1319 981 Ro

365 1042 478 1099 mana,
500 1032 664 1104 tanquam
682 1021 866 1098 seodarius,
888 1021 1092 1101 recipientes
1110 1026 1146 1083 et
1162 1026 1319 1082 tenentes

365 1122 401 1185 in
427 1123 612 1203 praesentia
641 1121 820 1203 prudentis
849 1121 915 1184 viri
944 1118 1157 1201 Panduiphi‚
1189 1117 1320 1182 domini

365 1240 466 1303 papae
484 1221 684 1285 subdiaconi
699 1228 734 1284 et
751 1219 928 1284 familiaris
942 1240 950 1299 3
974 1219 1175 1283 fidelitatem
1192 1217 1319 1281 exinde

366 1321 504 1385 domino
524 1341 624 1404 papae
649 1320 814 1402 praedicto
836 1320 1052 1394 Innocentio,
1074 1318 1218 1401 ejusque
1239 1335 1319 1379 suc·

366 1423 560 1485 cessoribus
587 1420 788 1495 Catholicis,
813 1426 849 1483 et
875 1419 1030 1484 ecclesiae
1058 1419 1241 1493 Romanae,
1264 1435 1320 1480 se-

367 1520 514 1584 cundum
544 1520 771 1601 subscriptam
803 1520 961 1595 formam,
991 1526 1026 1582 et
1052 1518 1251 1599 homagium
1278 1515 1321 1578 li·

366 1621 460 1701 gium
484 1619 592 1683 eidem
622 1620 777 1694 fecimus,
802 1620 893 1683 sicut
914 1620 950 1682 in
979 1618 1164 1700 praesentia
1190 1616 1321 1680 demini

367 1739 467 1802 papae
502 1719 679 1794 faciemus,
713 1738 828 1782 coram
860 1738 901 1782 ee
935 1718 1210 1801 quandocunque
1244 1734 1323 1778 esse

367 1818 566 1900 poterimus.
620 1819 842 1882 Successores
858 1826 995 1882 nostros
1013 1817 1055 1881 de
1073 1836 1182 1880 uxore
1200 1823 1322 1878 nostra

367 1919 402 1980 in
418 1926 621 1999 perpetuum
639 1917 845 1999 obligantes,
865 1926 904 1982 ut
918 1917 1021 1981 simili
1037 1917 1137 1980 modo
1153 1909 1322 1998 lpontifici

368 2018 427 2100 qui
447 2037 509 2099 pro
533 2027 686 2099 tempere
706 2017 821 2093 luerit,
838 2026 873 2081 et
889 2017 1044 2081 ecclesiae
1060 2016 1228 2080 Romanae
1246 2015 1322 2079 sine

368 2117 639 2181 contradictione
671 2117 819 2180 debeant
849 2116 1049 2181 fidelitatem
1079 2122 1258 2198 praestare,
1286 2122 1322 2179 et

369 2216 565 2297 homagium
583 2236 839 2298 recognoscere.

419 2316 500 2380 ‘Ad
526 2316 688 2381 indicium
714 2317 816 2401 hujus
841 2325 1017 2400 perpetuae
1036 2323 1164 2379 nostrae
1186 2314 1322 2396 obliga·

370 2418 473 2480 tionis
497 2425 531 2480 et
554 2417 784 2480 concessionis
808 2416 968 2480 volumus
993 2424 1028 2479 et
1051 2414 1258 2491 stabilimus,
1284 2422 1324 2479 ut

368 2516 411 2579 dc
434 2517 581 2598 propriis
603 2525 638 2580 et
658 2516 865 2598 specialibus
888 2517 1053 2579 reditibus
1080 2514 1322 2596 praedictorum

370 2636 553 2696 regnorum
592 2627 786 2680 nostrorum
827 2637 890 2698 pro
929 2616 1021 2679 omni
1061 2614 1323 2690 consuetudine,

370 2734 472 2796 quam
494 2735 556 2796 pro
579 2716 663 2796 ipsis
686 2715 799 2778 iacere
821 2715 996 2791 debemus,
1013 2715 1112 2778 salvo
1129 2716 1324 2796 peremnia

370 2814 510 2876 denario
539 2814 573 2876 S.
591 2815 699 2889 Petri,
721 2815 865 2878 ecclesia
892 2815 1053 2879 Romana
1074 2813 1166 2877 mille
1187 2834 1324 2878 marcas

371 2914 611 2993 sterlingorum
636 2916 805 2997 percipiat
826 2915 1027 2978 annuatim:
1052 2915 1162 2996 primo
1180 2914 1214 2977 in
1233 2914 1324 2978 festo

372 3013 407 3076 S.
427 3012 609 3076 Michaelis
635 3014 854 3096 quingentaS,
876 3022 911 3077 et
934 3015 969 3077 in
995 3013 1132 3076 Pascha
1158 3014 1325 3095 quingen·

372 3120 426 3175 tas
442 3133 450 3191 3
475 3114 713 3194 septingentas
732 3134 794 3196 pro
812 3135 918 3195 regno
933 3113 1083 3195 Angliae,
1101 3121 1136 3176 et
1151 3121 1325 3177 trecentas

373 3232 435 3293 pro
459 3233 566 3293 regno
590 3213 789 3277 Hiberniae:
816 3213 923 3276 salvis
951 3215 1061 3289 nohiS,
1082 3220 1118 3276 et
1142 3213 1326 3277 heredibus
1342 3262 1355 3284 .

375 3315 515 3387 nostris,
528 3312 688 3396 justitiis
704 3313 933 3389 libertatibus
945 3321 980 3376 et
995 3312 1170 3394 regalibus
1184 3315 1326 3377 nostris.

374 3412 463 3489 Quae
476 3413 591 3476 omnia
605 3405 741 3499 ²[siout]
757 3413 957 3495 supradicta
972 3424 1065 3489 sunt,
1082 3420 1158 3475 rata
1175 3432 1252 3477 esse
1263 3433 1326 3478 vo·

375 3511 497 3587 lentes,
516 3520 551 3575 et
566 3521 734 3595 perpetua
751 3520 856 3593 atque
873 3513 984 3589 firma,
1001 3513 1194 3594 obligamus
1212 3532 1278 3577 nos
1293 3521 1330 3577 et

376 3630 591 3674 successores
612 3621 749 3675 nostros
771 3620 892 3675 contra
914 3632 982 3674 non
1004 3613 1135 3692 venire3
1160 3620 1196 3676 et
1212 3615 1243 3676 si
1265 3632 1329 3677 nos

377 3709 430 3772 vel
448 3711 572 3791 aliquis
592 3731 826 3775 successorum
851 3718 1045 3775 nostrorum
1067 3711 1132 3776 hoc
1156 3722 1331 3777 attentare

377 3813 645 3892 praesumpserit,
675 3811 871 3893 quicunque
893 3811 996 3875 luerit
1024 3812 1092 3887 ille,
1120 3813 1185 3875 nisi
1209 3814 1331 3877 admo·

376 3911 470 3973 nitus
488 3911 678 3992 resipuerit,
697 3911 800 3974 cadat
814 3911 927 3994 ajuro
945 3912 1053 3993 regni.

413 4182 417 4208 ¹
439 4188 551 4232 ‘strnmro
563 4180 696 4246 pontilicis
711 4186 838 4236 illem.
865 4188 949 4248 MSS,
969 4188 1128 4251 issupplied
1147 4187 1209 4236 from
1229 4188 1335 4252 llyuror,

411 4252 420 4279 ²
436 4255 497 4303 This
504 4255 584 4317 word,
595 4255 699 4304 omitted
712 4257 737 4305 in
750 4256 784 4306 all
796 4257 838 4306 the
864 4259 881 4307 i.
895 4261 950 4306 176.
