2940 4950
335 428 401 493 312
704 439 938 488 maumam

174 614 306 704 {352⁰ssss
338 607 505 664 secratus.
579 598 710 661 Eodem
736 616 828 661 anuo
858 615 921 660 rex
948 595 1139 658 Londoniis
1164 594 1291 677 parlia-

176 714 291 754 wmmn.
338 710 489 764 mentum
516 699 638 773 tenuit,
665 698 699 759 in
722 716 791 779 quo
823 694 917 760 edita
946 705 1028 759 sunt
1053 702 1189 759 statuta
1213 712 1289 776 quae

176 770 225 805 ’ω’
338 797 657 863 ‘westmonasterii
674 794 837 859 secunda’
855 794 1029 858 dicuntur.

178 1307 285 1406 'affl
392 1297 573 1360 Monruun
606 1314 695 1377 papa
722 1294 901 1359 Honorius
932 1300 1089 1376 quartus,
1123 1295 1182 1358 cui
1213 1314 1292 1359 suc·

179 1406 251 1446 nonu.
262 1406 306 1454 1V··
342 1395 433 1460 cedit
451 1395 618 1460 Nicolaus
636 1408 792 1476 quartus,
814 1394 952 1458 natione
976 1393 1168 1467 Romanus,
1196 1395 1292 1476 prius

180 1457 220 1495 and
231 1456 320 1496 electior

179 1506 308 1595 {gustum
341 1496 454 1560 dictus
483 1494 590 1558 frater
630 1494 865 1576 Hieronymus
901 1492 944 1556 de
984 1491 1103 1555 ordine
1143 1492 1290 1556 sratrum

180 1627 269 1666 mm
343 1595 527 1658 Minorum.
581 1593 660 1656 Rex
694 1593 843 1673 Angliae‚
869 1593 904 1654 in
935 1590 1070 1654 Gallias
1103 1593 1290 1668 transiens,

179 1687 309 1766 &35:35¹
343 1695 415 1774 regi
446 1694 670 1768 Francorum,
703 1693 769 1755 sibi
797 1689 978 1754 Ambianis
1006 1689 1147 1753 honoris
1176 1693 1292 1772 gratia

343 1792 548 1867 occurrenti,
575 1791 772 1872 homagium
800 1790 881 1854 iecit
909 1809 971 1872 pro
997 1790 1098 1853 terris
1130 1809 1221 1873 quas
1248 1791 1290 1854 de

343 1911 384 1954 eo
418 1891 453 1953 in
489 1909 595 1971 regno
630 1890 786 1953 Franciae
820 1897 937 1953 tencre
965 1889 1123 1954 debebat
1177 1888 1290 1953 Inter·

342 1990 407 2053 init
432 1997 467 2053 et
493 1988 721 2071 parliamento
750 1988 840 2070 quod
876 2007 938 2051 rex
965 1988 1179 2052 Francorum
1208 1997 1290 2053 tunc

343 2088 488 2152 Parisiis
515 2089 637 2164 tenuit,
658 2089 784 2171 inquo
799 2086 910 2151 muita
932 2106 1010 2169 quae
1034 2107 1096 2168 pro
1110 2080 1289 2153 ¹libertate

342 2195 509 2251 terrarum
526 2206 666 2250 suarum
681 2187 809 2269 injuste
821 2206 1058 2268 possessarum
1074 2187 1213 2268 petivit,
1231 2189 1290 2252 ob-

342 2288 458 2363 tinuit,
489 2287 570 2350 licet
593 2287 671 2370 ipsa
699 2287 877 2351 concessio
905 2279 981 2349 ²diu
1012 2285 1048 2348 in
1073 2304 1139 2350 suo
1166 2288 1289 2351 robore

341 2406 409 2450 non
444 2394 608 2449 maneret.
687 2385 730 2447 In
758 2384 965 2449 Pentecoste
994 2385 1218 2449 celebratum
1238 2396 1289 2450 est

340 2485 465 2549 ibidem
500 2486 565 2548 sub
604 2484 770 2566 magistro
806 2485 936 2547 ordinis
972 2484 1078 2548 fratre
1105 2478 1289 2549 ³Mnnione

236 2636 240 2644 .
341 2585 529 2667 capitulum
557 2584 727 2665 generale,
746 2583 836 2665 quod
860 2590 1005 2664 uterquc
1030 2603 1104 2659 rex,
1133 2584 1286 2648 Franco·

340 2703 415 2746 rum
445 2693 480 2747 et
503 2683 709 2764 Anglorum,
738 2691 884 2764 utraque
916 2684 1047 2764 regina,
1075 2682 1198 2747 diebus
1220 2678 1287 2747 ⁴di·

341 2784 448 2845 versis
481 2802 545 2845 sua
577 2782 761 2864 praesentia
791 2780 1015 2845 honorarunt.
1082 2781 1170 2846 Post
1198 2783 1288 2847 Pen-

341 2890 494 2944 tecosten
526 2902 605 2945 vero
636 2901 696 2944 rex
724 2879 863 2961 Angliae
898 2881 940 2944 de
974 2880 1120 2944 Parisiis
1154 2882 1286 2947 Vasco

340 2981 432 3041 niam
458 2989 511 3042 est
541 2980 726 3062 proiectus.
790 2977 952 3043 Alienora
982 2981 1102 3062 regina
1135 2981 1286 3063 Angliae,

338 3086 450 3141 mater
475 3081 565 3160 regis
593 3079 764 3152 Edwardi,
791 3086 909 3160 spreto
935 3080 1064 3144 saeculo
1086 3081 1179 3163 apud
1204 3081 1288 3147 Am·

339 3179 550 3242 bresburiam
565 3180 676 3242 induit
695 3178 850 3242 habitum
867 3179 1124 3244 monacharum.

370 3394 394 3430 Ι).
404 3394 487 3430 mc.
596 3394 795 3430 ncommod!
808 3395 833 3431 u.
931 3395 1085 3431 FRANOORUM
1122 3398 1265 3438 nacionum

350 3481 513 3517 Moctxxxvu.
552 3480 699 3518 utcountlv.
766 3482 874 3518 anuum
933 3484 1043 3520 riuum
1053 3484 1089 3522 lv.
1120 3486 1241 3524 EDWARDi
1258 3488 1275 3524 Ι.

339 3372 343 3598 Ι
613 3542 638 3586 2.
804 3543 843 3586 15.
995 3545 1019 3589 2.
1177 3548 1219 3592 1⁵.

175 3687 315 3776 gffitiuot
388 3678 492 3741 Rncu
518 3679 658 3759 Angliae
678 3679 714 3741 in
731 3679 909 3744 Vasconia
936 3692 1184 3762 commorante,
1211 3706 1287 3750 cum

338 3778 433 3840 miles
450 3778 588 3859 quidam
608 3778 777 3857 Anglicus
793 3778 955 3843 Judaeum
976 3782 1161 3863 quemdam
1184 3805 1288 3869 super

336 3877 533 3939 detentione
565 3876 717 3940 indebita
747 3879 925 3961 cujusdam
953 3882 1096 3944 manerii
1123 3883 1190 3947 sibi
1224 3887 1288 3949 im·

370 4067 377 4098 ¹
395 4069 430 4115 ‘i.
442 4081 465 4116 e.
488 4069 697 4116 liberatione—la
714 4069 795 4117 deliv-
856 4068 867 4099 ³
882 4072 1001 4121 ‘Simone
1010 4069 1026 4131 ;'
1039 4074 1078 4122 M.
1090 4078 1115 4122 et
1126 4073 1175 4124 Ar.

333 4133 432 4196 rance;'
451 4137 613 4185 D’Acderiaa.
855 4138 943 4188 ⁴This
952 4143 1020 4189 word
1030 4143 1052 4191 is
1059 4143 1122 4191 from
1130 4145 1177 4194 Ar.
1186 4148 1289 4198 nndAr.

368 4206 378 4234 ²
394 4207 513 4255 ‘dominii
523 4202 537 4266 ;'
557 4203 624 4256 n'A.
821 4213 886 4259 220:
903 4211 1010 4260 ‘divisis
1020 4207 1035 4272 ;’
1054 4214 1115 4262 Cod.
1129 4215 1194 4276 Reg.
