<?xml version="1.0" encoding="UTF-8"?>
<!DOCTYPE html PUBLIC "-//W3C//DTD XHTML 1.0 Transitional//EN"
    "http://www.w3.org/TR/xhtml1/DTD/xhtml1-transitional.dtd">
<html xmlns="http://www.w3.org/1999/xhtml" xml:lang="en" lang="en">
 <head>
  <title>
</title>
<meta http-equiv="Content-Type" content="text/html;charset=utf-8" />
  <meta name='ocr-system' content='tesseract 3.04.00' />
  <meta name='ocr-capabilities' content='ocr_page ocr_carea ocr_par ocr_line ocrx_word'/>
</head>
<body>
  <div class='ocr_page' id='page_1' title='image "./fnicholaitrivet00trivgoog/fnicholaitrivet00trivgoog_0145.png"; bbox 0 0 2940 4950; ppageno 0'>
   <div class='ocr_carea' id='block_1_1' title="bbox 339 454 945 519">
    <p class='ocr_par' dir='ltr' id='par_1_1' title="bbox 339 454 945 519">
     <span class='ocr_line' id='line_1_1' title="bbox 339 454 945 519; baseline -0.003 -2"><span class='ocrx_word' id='word_1_1' title='bbox 339 454 404 519; x_wconf 79' lang='lat'><strong>112</strong></span> <span class='ocrx_word' id='word_1_2' title='bbox 707 467 781 515; x_wconf 80' lang='lat' dir='ltr'><strong>uro.</strong></span> <span class='ocrx_word' id='word_1_3' title='bbox 798 466 945 515; x_wconf 81' lang='lat' dir='ltr'><strong>rmvarl</strong></span> 
     </span>
    </p>
   </div>
   <div class='ocr_carea' id='block_1_2' title="bbox 339 620 1305 1182">
    <p class='ocr_par' dir='ltr' id='par_1_2' title="bbox 339 620 1305 1182">
     <span class='ocr_line' id='line_1_2' title="bbox 339 620 1305 708; baseline -0.001 -20"><span class='ocrx_word' id='word_1_4' title='bbox 339 632 374 688; x_wconf 92' lang='lat' dir='ltr'><strong>et</strong></span> <span class='ocrx_word' id='word_1_5' title='bbox 392 622 598 686; x_wconf 90' lang='lat' dir='ltr'><strong>conductum</strong></span> <span class='ocrx_word' id='word_1_6' title='bbox 617 622 784 686; x_wconf 84' lang='lat' dir='ltr'><strong>haberent</strong></span> <span class='ocrx_word' id='word_1_7' title='bbox 802 620 1003 685; x_wconf 87' lang='lat' dir='ltr'><strong>transeundi</strong></span> <span class='ocrx_word' id='word_1_8' title='bbox 1026 641 1137 705; x_wconf 89' lang='lat' dir='ltr'><strong>usque</strong></span> <span class='ocrx_word' id='word_1_9' title='bbox 1155 622 1305 708; x_wconf 81' lang='lat' dir='ltr'><strong>Tyrum.</strong></span> 
     </span>
     <span class='ocr_line' id='line_1_3' title="bbox 340 720 1304 803; baseline 0.003 -19"><span class='ocrx_word' id='word_1_10' title='bbox 340 722 566 785; x_wconf 85' lang='lat' dir='ltr'><strong>Postmodum</strong></span> <span class='ocrx_word' id='word_1_11' title='bbox 584 722 708 803; x_wconf 79' lang='lat' dir='ltr'><strong>viginti</strong></span> <span class='ocrx_word' id='word_1_12' title='bbox 731 721 840 785; x_wconf 90' lang='lat' dir='ltr'><strong>millia</strong></span> <span class='ocrx_word' id='word_1_13' title='bbox 856 720 1033 786; x_wconf 89' lang='lat' dir='ltr'><strong>hominum</strong></span> <span class='ocrx_word' id='word_1_14' title='bbox 1052 721 1149 788; x_wconf 90' lang='lat' dir='ltr'><strong>ducti</strong></span> <span class='ocrx_word' id='word_1_15' title='bbox 1165 733 1253 789; x_wconf 89' lang='lat' dir='ltr'><strong>sunt</strong></span> <span class='ocrx_word' id='word_1_16' title='bbox 1269 726 1304 788; x_wconf 91' lang='lat' dir='ltr'><strong>in</strong></span> 
     </span>
     <span class='ocr_line' id='line_1_4' title="bbox 339 821 1305 903; baseline 0.003 -19"><span class='ocrx_word' id='word_1_17' title='bbox 339 822 577 903; x_wconf 85' lang='lat' dir='ltr'><strong>captivitatem</strong></span> <span class='ocrx_word' id='word_1_18' title='bbox 609 821 701 902; x_wconf 89' lang='lat' dir='ltr'><strong>apud</strong></span> <span class='ocrx_word' id='word_1_19' title='bbox 726 821 952 897; x_wconf 78' lang='lat' dir='ltr'><strong>Damascum,</strong></span> <span class='ocrx_word' id='word_1_20' title='bbox 976 829 1013 884; x_wconf 88' lang='lat' dir='ltr'><strong>et</strong></span> <span class='ocrx_word' id='word_1_21' title='bbox 1039 823 1160 885; x_wconf 86' lang='lat' dir='ltr'><strong>statim</strong></span> <span class='ocrx_word' id='word_1_22' title='bbox 1193 824 1305 887; x_wconf 80' lang='lat' dir='ltr'><strong>frater</strong></span> 
     </span>
     <span class='ocr_line' id='line_1_5' title="bbox 339 919 1302 1003; baseline 0.003 -19"><span class='ocrx_word' id='word_1_23' title='bbox 339 921 431 1001; x_wconf 83' lang='lat' dir='ltr'><strong>rogis</strong></span> <span class='ocrx_word' id='word_1_24' title='bbox 448 921 614 983; x_wconf 87' lang='lat' dir='ltr'><strong>liberatus</strong></span> <span class='ocrx_word' id='word_1_25' title='bbox 630 928 705 998; x_wconf 80' lang='lat' dir='ltr'><strong>est3</strong></span> <span class='ocrx_word' id='word_1_26' title='bbox 732 928 770 983; x_wconf 91' lang='lat' dir='ltr'><strong>ut</strong></span> <span class='ocrx_word' id='word_1_27' title='bbox 787 926 866 1001; x_wconf 88' lang='lat' dir='ltr'><strong>post</strong></span> <span class='ocrx_word' id='word_1_28' title='bbox 890 919 1028 984; x_wconf 77' lang='lat' dir='ltr'><strong>Pascha</strong></span> <span class='ocrx_word' id='word_1_29' title='bbox 1049 939 1216 1003; x_wconf 86' lang='lat' dir='ltr'><strong>sequens,</strong></span> <span class='ocrx_word' id='word_1_30' title='bbox 1239 942 1302 987; x_wconf 88' lang='lat' dir='ltr'><strong>rex</strong></span> 
     </span>
     <span class='ocr_line' id='line_1_6' title="bbox 339 1018 1302 1102; baseline 0.005 -20"><span class='ocrx_word' id='word_1_31' title='bbox 339 1028 374 1083; x_wconf 87' lang='lat' dir='ltr'><strong>et</strong></span> <span class='ocrx_word' id='word_1_32' title='bbox 389 1020 554 1099; x_wconf 78' lang='lat' dir='ltr'><strong>magister</strong></span> <span class='ocrx_word' id='word_1_33' title='bbox 569 1018 717 1101; x_wconf 84' lang='lat' dir='ltr'><strong>Templi.</strong></span> <span class='ocrx_word' id='word_1_34' title='bbox 767 1019 963 1102; x_wconf 82' lang='lat' dir='ltr'><strong>Imperator</strong></span> <span class='ocrx_word' id='word_1_35' title='bbox 981 1018 1189 1085; x_wconf 86' lang='lat' dir='ltr'><strong>Fredericus</strong></span> <span class='ocrx_word' id='word_1_36' title='bbox 1206 1040 1302 1086; x_wconf 91' lang='lat' dir='ltr'><strong>com·</strong></span> 
     </span>
     <span class='ocr_line' id='line_1_7' title="bbox 339 1117 1095 1182; baseline 0 -1"><span class='ocrx_word' id='word_1_37' title='bbox 339 1120 541 1181; x_wconf 88' lang='lat' dir='ltr'><strong>minatorias</strong></span> <span class='ocrx_word' id='word_1_38' title='bbox 560 1118 694 1182; x_wconf 78' lang='lat' dir='ltr'><strong>litteras</strong></span> <span class='ocrx_word' id='word_1_39' title='bbox 710 1117 874 1182; x_wconf 90' lang='lat' dir='ltr'><strong>Saladino</strong></span> <span class='ocrx_word' id='word_1_40' title='bbox 890 1118 1095 1182; x_wconf 82' lang='lat' dir='ltr'><strong>transmisit.</strong></span> 
     </span>
    </p>
   </div>
   <div class='ocr_carea' id='block_1_3' title="bbox 343 1321 1339 1535">
    <p class='ocr_par' dir='ltr' id='par_1_3' title="bbox 343 1321 1339 1535">
     <span class='ocr_line' id='line_1_8' title="bbox 369 1324 1282 1387; baseline 0.002 -18"><span class='ocrx_word' id='word_1_41' title='bbox 369 1324 528 1370; x_wconf 63' lang='lat' dir='ltr'><strong>u..s·.r.c.¹</strong></span> <span class='ocrx_word' id='word_1_42' title='bbox 614 1334 851 1371; x_wconf 69' lang='lat' dir='ltr'><strong>nnounsonunn.</strong></span> <span class='ocrx_word' id='word_1_43' title='bbox 927 1334 1104 1387; x_wconf 69' lang='lat' dir='ltr'><strong>¹rralrnoonon</strong></span> <span class='ocrx_word' id='word_1_44' title='bbox 1136 1336 1282 1371; x_wconf 71' lang='lat' dir='ltr'><strong>succorum</strong></span> 
     </span>
     <span class='ocr_line' id='line_1_9' title="bbox 343 1321 1339 1535; baseline 0.002 -78"><span class='ocrx_word' id='word_1_45' title='bbox 343 1321 505 1535; x_wconf 48' lang='lat' dir='ltr'><strong>&#39;&#39;irc—Ma</strong></span> <span class='ocrx_word' id='word_1_46' title='bbox 537 1392 676 1457; x_wconf 47' lang='lat' dir='ltr'><strong>cirin-ns</strong></span> <span class='ocrx_word' id='word_1_47' title='bbox 687 1421 727 1456; x_wconf 87' lang='lat'>111.</span> <span class='ocrx_word' id='word_1_48' title='bbox 751 1421 932 1535; x_wconf 55' lang='lat' dir='ltr'><strong>carnariola!</strong></span> <span class='ocrx_word' id='word_1_49' title='bbox 951 1420 1105 1457; x_wconf 78' lang='lat' dir='ltr'><strong>rnrarrnn.</strong></span> <span class='ocrx_word' id='word_1_50' title='bbox 1136 1420 1286 1459; x_wconf 73' lang='lat' dir='ltr'><strong>naumain.</strong></span> <span class='ocrx_word' id='word_1_51' title='bbox 1336 1396 1339 1401; x_wconf 49' lang='lat'>¹</span> 
     </span>
     <span class='ocr_line' id='line_1_10' title="bbox 525 1480 1233 1533; baseline 0.003 -8"><span class='ocrx_word' id='word_1_52' title='bbox 525 1500 530 1533; x_wconf 72' lang='lat'><strong>¹,</strong></span> <span class='ocrx_word' id='word_1_53' title='bbox 619 1481 644 1526; x_wconf 75' lang='lat'><strong>2.</strong></span> <span class='ocrx_word' id='word_1_54' title='bbox 785 1482 826 1527; x_wconf 70' lang='grc'><strong>8-1.</strong></span> <span class='ocrx_word' id='word_1_55' title='bbox 838 1480 879 1527; x_wconf 71' lang='lat'><strong>⁸7.</strong></span> <span class='ocrx_word' id='word_1_56' title='bbox 1011 1482 1037 1527; x_wconf 79' lang='grc'><strong>8.</strong></span> <span class='ocrx_word' id='word_1_57' title='bbox 1191 1482 1233 1527; x_wconf 68' lang='lat'><strong>25.</strong></span> 
     </span>
    </p>
   </div>
   <div class='ocr_carea' id='block_1_4' title="bbox 348 1542 1296 1555">
    <p class='ocr_par' dir='ltr' id='par_1_4' title="bbox 348 1542 1296 1555">
     <span class='ocr_line' id='line_1_11' title="bbox 348 1542 1296 1555; baseline 0.002 -4"><span class='ocrx_word' id='word_1_58' title='bbox 348 1544 428 1553; x_wconf 66' lang='lat'><strong>——.</strong></span> <span class='ocrx_word' id='word_1_59' title='bbox 439 1548 484 1555; x_wconf 76' lang='lat'><strong>-.</strong></span> <span class='ocrx_word' id='word_1_60' title='bbox 497 1550 515 1554; x_wconf 80' lang='grc'><strong>-,</strong></span> <span class='ocrx_word' id='word_1_61' title='bbox 524 1546 813 1555; x_wconf 75' lang='lat'><em>-—..—.—-.—.</em></span> <span class='ocrx_word' id='word_1_62' title='bbox 1128 1542 1296 1553; x_wconf 70' lang='lat' dir='ltr'><strong>——u-u—</strong></span> 
     </span>
    </p>
   </div>
   <div class='ocr_carea' id='block_1_5' title="bbox 176 1616 1300 1995">
    <p class='ocr_par' dir='ltr' id='par_1_5' title="bbox 176 1616 1300 1995">
     <span class='ocr_line' id='line_1_12' title="bbox 232 1616 1298 1699; baseline -0.003 -14"><span class='ocrx_word' id='word_1_63' title='bbox 232 1646 246 1685; x_wconf 82' lang='lat' dir='ltr'><strong>r</strong></span> <span class='ocrx_word' id='word_1_64' title='bbox 267 1646 281 1675; x_wconf 76' lang='lat' dir='ltr'>n</span> <span class='ocrx_word' id='word_1_65' title='bbox 390 1618 486 1681; x_wconf 85' lang='lat' dir='ltr'><strong>Posr</strong></span> <span class='ocrx_word' id='word_1_66' title='bbox 510 1617 627 1699; x_wconf 88' lang='lat' dir='ltr'><strong>lapsas</strong></span> <span class='ocrx_word' id='word_1_67' title='bbox 645 1625 787 1697; x_wconf 83' lang='lat' dir='ltr'><strong>treugas</strong></span> <span class='ocrx_word' id='word_1_68' title='bbox 808 1616 898 1680; x_wconf 88' lang='lat' dir='ltr'><strong>inter</strong></span> <span class='ocrx_word' id='word_1_69' title='bbox 914 1635 1012 1698; x_wconf 83' lang='lat' dir='ltr'><strong>reges</strong></span> <span class='ocrx_word' id='word_1_70' title='bbox 1031 1616 1248 1681; x_wconf 85' lang='lat' dir='ltr'><strong>Francorum</strong></span> <span class='ocrx_word' id='word_1_71' title='bbox 1264 1628 1298 1682; x_wconf 87' lang='lat' dir='ltr'><strong>et</strong></span> 
     </span>
     <span class='ocr_line' id='line_1_13' title="bbox 206 1697 1300 1797; baseline 0.007 -24"><span class='ocrx_word' id='word_1_72' title='bbox 206 1697 256 1774; x_wconf 63' lang='grc' dir='ltr'>Ἥ</span> <span class='ocrx_word' id='word_1_73' title='bbox 279 1697 291 1725; x_wconf 85' lang='lat'>⁰</span> <span class='ocrx_word' id='word_1_74' title='bbox 338 1716 544 1797; x_wconf 59' lang='lat' dir='ltr'><strong>iurgiorum,</strong></span> <span class='ocrx_word' id='word_1_75' title='bbox 561 1724 596 1779; x_wconf 87' lang='lat' dir='ltr'><strong>et</strong></span> <span class='ocrx_word' id='word_1_76' title='bbox 610 1715 798 1778; x_wconf 88' lang='lat' dir='ltr'><strong>Ricardum</strong></span> <span class='ocrx_word' id='word_1_77' title='bbox 813 1716 971 1780; x_wconf 89' lang='lat' dir='ltr'><strong>comitem</strong></span> <span class='ocrx_word' id='word_1_78' title='bbox 988 1714 1231 1793; x_wconf 86' lang='lat' dir='ltr'><strong>Pictavorum,</strong></span> <span class='ocrx_word' id='word_1_79' title='bbox 1245 1718 1300 1781; x_wconf 90' lang='lat' dir='ltr'><strong>bis</strong></span> 
     </span>
     <span class='ocr_line' id='line_1_14' title="bbox 176 1796 1298 1897; baseline 0.004 -23"><span class='ocrx_word' id='word_1_80' title='bbox 176 1796 231 1874; x_wconf 54' lang='lat' dir='ltr'><strong>&#39;el‘</strong></span> <span class='ocrx_word' id='word_1_81' title='bbox 250 1834 267 1874; x_wconf 78' lang='grc' dir='ltr'>ἰ</span> <span class='ocrx_word' id='word_1_82' title='bbox 280 1796 293 1823; x_wconf 78' lang='lat'><strong>¹¹</strong></span> <span class='ocrx_word' id='word_1_83' title='bbox 338 1817 492 1878; x_wconf 87' lang='lat' dir='ltr'><strong>habitum</strong></span> <span class='ocrx_word' id='word_1_84' title='bbox 505 1824 557 1878; x_wconf 87' lang='lat' dir='ltr'><strong>cst</strong></span> <span class='ocrx_word' id='word_1_85' title='bbox 570 1814 777 1896; x_wconf 89' lang='lat' dir='ltr'><strong>colloquium</strong></span> <span class='ocrx_word' id='word_1_86' title='bbox 791 1809 1104 1897; x_wconf 83' lang='lat' dir='ltr'><strong>prope¹Feritatem</strong></span> <span class='ocrx_word' id='word_1_87' title='bbox 1113 1814 1298 1881; x_wconf 79' lang='lat' dir='ltr'><strong>Ber-nardi.</strong></span> 
     </span>
     <span class='ocr_line' id='line_1_15' title="bbox 229 1896 1298 1995; baseline 0 -16"><span class='ocrx_word' id='word_1_88' title='bbox 229 1896 258 1923; x_wconf 76' lang='lat'><strong>‘⁸&#39;</strong></span> <span class='ocrx_word' id='word_1_89' title='bbox 338 1914 393 1979; x_wconf 86' lang='lat' dir='ltr'><strong>Ad</strong></span> <span class='ocrx_word' id='word_1_90' title='bbox 414 1914 582 1989; x_wconf 86' lang='lat' dir='ltr'><strong>ultimum,</strong></span> <span class='ocrx_word' id='word_1_91' title='bbox 607 1922 685 1995; x_wconf 89' lang='lat' dir='ltr'><strong>post</strong></span> <span class='ocrx_word' id='word_1_92' title='bbox 706 1914 829 1994; x_wconf 82' lang='lat' dir='ltr'><strong>longos</strong></span> <span class='ocrx_word' id='word_1_93' title='bbox 853 1920 1036 1990; x_wconf 88' lang='lat' dir='ltr'><strong>tractatus,</strong></span> <span class='ocrx_word' id='word_1_94' title='bbox 1057 1913 1237 1979; x_wconf 87' lang='lat' dir='ltr'><strong>discordes</strong></span> <span class='ocrx_word' id='word_1_95' title='bbox 1253 1916 1298 1979; x_wconf 90' lang='lat' dir='ltr'><strong>ab</strong></span> 
     </span>
    </p>
   </div>
   <div class='ocr_carea' id='block_1_6' title="bbox 327 2012 1298 4075">
    <p class='ocr_par' dir='ltr' id='par_1_6' title="bbox 327 2012 1298 4075">
     <span class='ocr_line' id='line_1_16' title="bbox 338 2012 1297 2079; baseline 0.002 -2"><span class='ocrx_word' id='word_1_96' title='bbox 338 2014 482 2077; x_wconf 88' lang='lat' dir='ltr'><strong>invicem</strong></span> <span class='ocrx_word' id='word_1_97' title='bbox 500 2013 744 2077; x_wconf 84' lang='lat' dir='ltr'><strong>discesserunt.</strong></span> <span class='ocrx_word' id='word_1_98' title='bbox 797 2012 877 2076; x_wconf 90' lang='lat' dir='ltr'><strong>Rex</strong></span> <span class='ocrx_word' id='word_1_99' title='bbox 898 2013 1110 2077; x_wconf 87' lang='lat' dir='ltr'><strong>Francorum</strong></span> <span class='ocrx_word' id='word_1_100' title='bbox 1126 2019 1163 2075; x_wconf 83' lang='lat' dir='ltr'><strong>ct</strong></span> <span class='ocrx_word' id='word_1_101' title='bbox 1179 2032 1297 2079; x_wconf 88' lang='lat' dir='ltr'><strong>comes</strong></span> 
     </span>
     <span class='ocr_line' id='line_1_17' title="bbox 340 2111 1298 2194; baseline 0.003 -19"><span class='ocrx_word' id='word_1_102' title='bbox 340 2112 569 2189; x_wconf 86' lang='lat' dir='ltr'><strong>Pictavensis,</strong></span> <span class='ocrx_word' id='word_1_103' title='bbox 600 2112 707 2191; x_wconf 90' lang='lat' dir='ltr'><strong>copiis</strong></span> <span class='ocrx_word' id='word_1_104' title='bbox 745 2111 894 2193; x_wconf 89' lang='lat' dir='ltr'><strong>undique</strong></span> <span class='ocrx_word' id='word_1_105' title='bbox 934 2112 1168 2194; x_wconf 81' lang='lat' dir='ltr'><strong>congregatis,</strong></span> <span class='ocrx_word' id='word_1_106' title='bbox 1205 2112 1298 2178; x_wconf 87' lang='lat' dir='ltr'><strong>intra</strong></span> 
     </span>
     <span class='ocr_line' id='line_1_18' title="bbox 338 2210 1296 2294; baseline 0.001 -19"><span class='ocrx_word' id='word_1_107' title='bbox 338 2230 468 2294; x_wconf 89' lang='lat' dir='ltr'><strong>paucos</strong></span> <span class='ocrx_word' id='word_1_108' title='bbox 485 2212 558 2275; x_wconf 92' lang='lat' dir='ltr'><strong>dies</strong></span> <span class='ocrx_word' id='word_1_109' title='bbox 578 2210 766 2274; x_wconf 89' lang='lat' dir='ltr'><strong>Feritatem</strong></span> <span class='ocrx_word' id='word_1_110' title='bbox 783 2211 964 2289; x_wconf 88' lang='lat' dir='ltr'><strong>Bernardi,</strong></span> <span class='ocrx_word' id='word_1_111' title='bbox 983 2210 1296 2290; x_wconf 73' lang='lat' dir='ltr'><strong>Montem-fortem</strong></span> 
     </span>
     <span class='ocr_line' id='line_1_19' title="bbox 340 2310 1295 2391; baseline 0 -16"><span class='ocrx_word' id='word_1_112' title='bbox 340 2312 499 2387; x_wconf 83' lang='lat' dir='ltr'><strong>Bouhim,</strong></span> <span class='ocrx_word' id='word_1_113' title='bbox 535 2310 850 2385; x_wconf 88' lang='lat' dir='ltr'><strong>Bellum-montem,</strong></span> <span class='ocrx_word' id='word_1_114' title='bbox 889 2310 991 2374; x_wconf 84' lang='lat' dir='ltr'><strong>factis</strong></span> <span class='ocrx_word' id='word_1_115' title='bbox 1030 2310 1295 2391; x_wconf 89' lang='lat' dir='ltr'><strong>irruptionibus,</strong></span> 
     </span>
     <span class='ocr_line' id='line_1_20' title="bbox 337 2409 1295 2494; baseline 0.001 -20"><span class='ocrx_word' id='word_1_116' title='bbox 337 2418 570 2493; x_wconf 82' lang='lat' dir='ltr'><strong>occuparunt3</strong></span> <span class='ocrx_word' id='word_1_117' title='bbox 597 2428 618 2470; x_wconf 91' lang='lat' dir='ltr'><strong>a</strong></span> <span class='ocrx_word' id='word_1_118' title='bbox 632 2409 898 2492; x_wconf 86' lang='lat' dir='ltr'><strong>municipalibus</strong></span> <span class='ocrx_word' id='word_1_119' title='bbox 916 2428 1054 2492; x_wconf 91' lang='lat' dir='ltr'><strong>quoque</strong></span> <span class='ocrx_word' id='word_1_120' title='bbox 1073 2410 1295 2494; x_wconf 87' lang='lat' dir='ltr'><strong>circumqua-</strong></span> 
     </span>
     <span class='ocr_line' id='line_1_21' title="bbox 337 2507 1296 2591; baseline 0.002 -19"><span class='ocrx_word' id='word_1_121' title='bbox 337 2529 404 2591; x_wconf 88' lang='lat' dir='ltr'><strong>que</strong></span> <span class='ocrx_word' id='word_1_122' title='bbox 420 2510 539 2572; x_wconf 88' lang='lat' dir='ltr'><strong>comiti</strong></span> <span class='ocrx_word' id='word_1_123' title='bbox 554 2507 705 2571; x_wconf 89' lang='lat' dir='ltr'><strong>Ricardo</strong></span> <span class='ocrx_word' id='word_1_124' title='bbox 722 2508 760 2571; x_wconf 88' lang='lat' dir='ltr'><strong>fit</strong></span> <span class='ocrx_word' id='word_1_125' title='bbox 776 2508 905 2572; x_wconf 90' lang='lat' dir='ltr'><strong>deditio</strong></span> <span class='ocrx_word' id='word_1_126' title='bbox 920 2508 1154 2573; x_wconf 87' lang='lat' dir='ltr'><strong>castellorum.</strong></span> <span class='ocrx_word' id='word_1_127' title='bbox 1210 2508 1296 2574; x_wconf 84' lang='lat' dir='ltr'><strong>Gel-</strong></span> 
     </span>
     <span class='ocr_line' id='line_1_22' title="bbox 337 2606 1294 2691; baseline 0.003 -22"><span class='ocrx_word' id='word_1_128' title='bbox 337 2608 444 2671; x_wconf 82' lang='lat' dir='ltr'><strong>fridus</strong></span> <span class='ocrx_word' id='word_1_129' title='bbox 465 2608 506 2671; x_wconf 87' lang='lat' dir='ltr'><strong>de</strong></span> <span class='ocrx_word' id='word_1_130' title='bbox 534 2606 722 2682; x_wconf 85' lang='lat' dir='ltr'><strong>Meduana,</strong></span> <span class='ocrx_word' id='word_1_131' title='bbox 745 2607 861 2671; x_wconf 90' lang='lat' dir='ltr'><strong>Guido</strong></span> <span class='ocrx_word' id='word_1_132' title='bbox 883 2608 926 2671; x_wconf 93' lang='lat' dir='ltr'><strong>de</strong></span> <span class='ocrx_word' id='word_1_133' title='bbox 944 2607 1060 2684; x_wconf 90' lang='lat' dir='ltr'><strong>Valle,</strong></span> <span class='ocrx_word' id='word_1_134' title='bbox 1083 2606 1294 2691; x_wconf 86' lang='lat' dir='ltr'><strong>Radulplrus</strong></span> 
     </span>
     <span class='ocr_line' id='line_1_23' title="bbox 336 2705 1292 2787; baseline 0.003 -19"><span class='ocrx_word' id='word_1_135' title='bbox 336 2706 494 2769; x_wconf 89' lang='lat' dir='ltr'><strong>dominus</strong></span> <span class='ocrx_word' id='word_1_136' title='bbox 514 2706 767 2786; x_wconf 86' lang='lat' dir='ltr'><strong>Fulgeriarum,</strong></span> <span class='ocrx_word' id='word_1_137' title='bbox 783 2707 899 2770; x_wconf 89' lang='lat' dir='ltr'><strong>hostes</strong></span> <span class='ocrx_word' id='word_1_138' title='bbox 914 2707 1006 2787; x_wconf 84' lang='lat' dir='ltr'><strong>regis</strong></span> <span class='ocrx_word' id='word_1_139' title='bbox 1023 2705 1232 2787; x_wconf 83' lang='lat' dir='ltr'><strong>Anglorum,</strong></span> <span class='ocrx_word' id='word_1_140' title='bbox 1249 2708 1292 2771; x_wconf 90' lang='lat' dir='ltr'><strong>ad</strong></span> 
     </span>
     <span class='ocr_line' id='line_1_24' title="bbox 338 2804 1293 2889; baseline 0.001 -20"><span class='ocrx_word' id='word_1_141' title='bbox 338 2806 525 2870; x_wconf 86' lang='lat' dir='ltr'><strong>Ricardum</strong></span> <span class='ocrx_word' id='word_1_142' title='bbox 543 2804 701 2869; x_wconf 88' lang='lat' dir='ltr'><strong>comitem</strong></span> <span class='ocrx_word' id='word_1_143' title='bbox 721 2805 991 2887; x_wconf 80' lang='lat' dir='ltr'><strong>transfugerunt.</strong></span> <span class='ocrx_word' id='word_1_144' title='bbox 1044 2804 1143 2887; x_wconf 82' lang='lat' dir='ltr'><strong>Rege</strong></span> <span class='ocrx_word' id='word_1_145' title='bbox 1157 2805 1293 2889; x_wconf 81' lang='lat' dir='ltr'><strong>Anglo·</strong></span> 
     </span>
     <span class='ocr_line' id='line_1_25' title="bbox 336 2898 1292 2987; baseline 0.003 -20"><span class='ocrx_word' id='word_1_146' title='bbox 336 2926 409 2968; x_wconf 90' lang='lat' dir='ltr'><strong>rum</strong></span> <span class='ocrx_word' id='word_1_147' title='bbox 422 2905 653 2969; x_wconf 88' lang='lat' dir='ltr'><strong>Cenomunnis</strong></span> <span class='ocrx_word' id='word_1_148' title='bbox 672 2905 854 2981; x_wconf 87' lang='lat' dir='ltr'><strong>residente,</strong></span> <span class='ocrx_word' id='word_1_149' title='bbox 870 2898 1212 2987; x_wconf 86' lang='lat' dir='ltr'><strong>²appropinquabant</strong></span> <span class='ocrx_word' id='word_1_150' title='bbox 1229 2926 1292 2970; x_wconf 83' lang='lat' dir='ltr'><strong>rex</strong></span> 
     </span>
     <span class='ocr_line' id='line_1_26' title="bbox 337 3003 1290 3081; baseline 0.002 -14"><span class='ocrx_word' id='word_1_151' title='bbox 337 3005 547 3067; x_wconf 88' lang='lat' dir='ltr'><strong>Francorum</strong></span> <span class='ocrx_word' id='word_1_152' title='bbox 572 3011 607 3065; x_wconf 92' lang='lat' dir='ltr'><strong>et</strong></span> <span class='ocrx_word' id='word_1_153' title='bbox 630 3022 744 3066; x_wconf 89' lang='lat' dir='ltr'><strong>comcs</strong></span> <span class='ocrx_word' id='word_1_154' title='bbox 768 3003 949 3081; x_wconf 79' lang='lat' dir='ltr'><strong>Pictaviae,</strong></span> <span class='ocrx_word' id='word_1_155' title='bbox 973 3022 1051 3067; x_wconf 90' lang='lat' dir='ltr'><strong>cum</strong></span> <span class='ocrx_word' id='word_1_156' title='bbox 1078 3015 1290 3069; x_wconf 87' lang='lat' dir='ltr'><strong>armatorum</strong></span> 
     </span>
     <span class='ocr_line' id='line_1_27' title="bbox 335 3101 1293 3186; baseline 0.004 -23"><span class='ocrx_word' id='word_1_157' title='bbox 335 3102 554 3165; x_wconf 88' lang='lat' dir='ltr'><strong>multitudino</strong></span> <span class='ocrx_word' id='word_1_158' title='bbox 568 3102 719 3183; x_wconf 71' lang='lat' dir='ltr'><strong>copriosa.</strong></span> <span class='ocrx_word' id='word_1_159' title='bbox 760 3103 838 3165; x_wconf 87' lang='lat' dir='ltr'><strong>Rex</strong></span> <span class='ocrx_word' id='word_1_160' title='bbox 855 3122 936 3165; x_wconf 89' lang='lat' dir='ltr'><strong>vero</strong></span> <span class='ocrx_word' id='word_1_161' title='bbox 951 3101 1153 3184; x_wconf 82' lang='lat' dir='ltr'><strong>Anglorum,</strong></span> <span class='ocrx_word' id='word_1_162' title='bbox 1171 3124 1293 3186; x_wconf 90' lang='lat' dir='ltr'><strong>quam-</strong></span> 
     </span>
     <span class='ocr_line' id='line_1_28' title="bbox 335 3200 1293 3286; baseline 0.005 -24"><span class='ocrx_word' id='word_1_163' title='bbox 335 3202 388 3263; x_wconf 91' lang='lat' dir='ltr'><strong>vis</strong></span> <span class='ocrx_word' id='word_1_164' title='bbox 407 3201 553 3263; x_wconf 89' lang='lat' dir='ltr'><strong>militum</strong></span> <span class='ocrx_word' id='word_1_165' title='bbox 570 3200 821 3264; x_wconf 79' lang='lat' dir='ltr'><strong>multitudinem</strong></span> <span class='ocrx_word' id='word_1_166' title='bbox 843 3202 1028 3265; x_wconf 78' lang='lat' dir='ltr'><strong>inanimam</strong></span> <span class='ocrx_word' id='word_1_167' title='bbox 1052 3201 1209 3279; x_wconf 87' lang='lat' dir='ltr'><strong>haberet,</strong></span> <span class='ocrx_word' id='word_1_168' title='bbox 1231 3222 1293 3286; x_wconf 89' lang='lat' dir='ltr'><strong>pa·</strong></span> 
     </span>
     <span class='ocr_line' id='line_1_29' title="bbox 335 3300 1291 3382; baseline 0.003 -21"><span class='ocrx_word' id='word_1_169' title='bbox 335 3308 445 3363; x_wconf 89' lang='lat' dir='ltr'><strong>ratam</strong></span> <span class='ocrx_word' id='word_1_170' title='bbox 464 3300 506 3362; x_wconf 88' lang='lat' dir='ltr'><strong>ad</strong></span> <span class='ocrx_word' id='word_1_171' title='bbox 525 3300 680 3362; x_wconf 89' lang='lat' dir='ltr'><strong>hostibus</strong></span> <span class='ocrx_word' id='word_1_172' title='bbox 699 3301 938 3376; x_wconf 89' lang='lat' dir='ltr'><strong>resistendum,</strong></span> <span class='ocrx_word' id='word_1_173' title='bbox 957 3320 1157 3382; x_wconf 81' lang='lat' dir='ltr'><strong>praecavens</strong></span> <span class='ocrx_word' id='word_1_174' title='bbox 1173 3310 1291 3366; x_wconf 86' lang='lat' dir='ltr'><strong>tamen</strong></span> 
     </span>
     <span class='ocr_line' id='line_1_30' title="bbox 334 3397 1291 3475; baseline 0.003 -13"><span class='ocrx_word' id='word_1_175' title='bbox 334 3399 510 3462; x_wconf 85' lang='lat' dir='ltr'><strong>obsidione</strong></span> <span class='ocrx_word' id='word_1_176' title='bbox 528 3398 662 3475; x_wconf 85' lang='lat' dir='ltr'><strong>vallari,</strong></span> <span class='ocrx_word' id='word_1_177' title='bbox 686 3397 918 3462; x_wconf 88' lang='lat' dir='ltr'><strong>Cenomannis</strong></span> <span class='ocrx_word' id='word_1_178' title='bbox 944 3397 1154 3463; x_wconf 87' lang='lat' dir='ltr'><strong>sufficienter</strong></span> <span class='ocrx_word' id='word_1_179' title='bbox 1176 3403 1291 3465; x_wconf 86' lang='lat' dir='ltr'><strong>victu·</strong></span> 
     </span>
     <span class='ocr_line' id='line_1_31' title="bbox 335 3497 1292 3579; baseline 0.002 -19"><span class='ocrx_word' id='word_1_180' title='bbox 335 3497 422 3560; x_wconf 91' lang='lat' dir='ltr'><strong>libus</strong></span> <span class='ocrx_word' id='word_1_181' title='bbox 441 3498 599 3561; x_wconf 81' lang='lat' dir='ltr'><strong>refertam</strong></span> <span class='ocrx_word' id='word_1_182' title='bbox 622 3498 770 3579; x_wconf 87' lang='lat' dir='ltr'><strong>reliquit.</strong></span> <span class='ocrx_word' id='word_1_183' title='bbox 824 3498 866 3560; x_wconf 89' lang='lat' dir='ltr'><strong>In</strong></span> <span class='ocrx_word' id='word_1_184' title='bbox 890 3499 1041 3561; x_wconf 88' lang='lat' dir='ltr'><strong>crastino</strong></span> <span class='ocrx_word' id='word_1_185' title='bbox 1065 3500 1178 3563; x_wconf 85' lang='lat' dir='ltr'><strong>sancti</strong></span> <span class='ocrx_word' id='word_1_186' title='bbox 1205 3500 1292 3565; x_wconf 89' lang='lat' dir='ltr'><strong>Bar·</strong></span> 
     </span>
     <span class='ocr_line' id='line_1_32' title="bbox 333 3595 1290 3680; baseline 0.005 -23"><span class='ocrx_word' id='word_1_187' title='bbox 333 3598 445 3671; x_wconf 81' lang='lat' dir='ltr'><strong>naboe,</strong></span> <span class='ocrx_word' id='word_1_188' title='bbox 468 3596 652 3659; x_wconf 87' lang='lat' dir='ltr'><strong>vehemens</strong></span> <span class='ocrx_word' id='word_1_189' title='bbox 676 3597 768 3677; x_wconf 80' lang='lat' dir='ltr'><strong>ignis</strong></span> <span class='ocrx_word' id='word_1_190' title='bbox 796 3616 817 3659; x_wconf 88' lang='lat' dir='ltr'><strong>a</strong></span> <span class='ocrx_word' id='word_1_191' title='bbox 843 3605 941 3678; x_wconf 85' lang='lat' dir='ltr'><strong>parte</strong></span> <span class='ocrx_word' id='word_1_192' title='bbox 970 3598 1062 3678; x_wconf 85' lang='lat' dir='ltr'><strong>regis</strong></span> <span class='ocrx_word' id='word_1_193' title='bbox 1094 3595 1290 3680; x_wconf 77' lang='lat' dir='ltr'><strong>Anglorum</strong></span> 
     </span>
     <span class='ocr_line' id='line_1_33' title="bbox 332 3694 1291 3777; baseline 0.005 -21"><span class='ocrx_word' id='word_1_194' title='bbox 332 3694 492 3777; x_wconf 81' lang='lat' dir='ltr'><strong>injectus,</strong></span> <span class='ocrx_word' id='word_1_195' title='bbox 507 3696 600 3756; x_wconf 88' lang='lat' dir='ltr'><strong>intra</strong></span> <span class='ocrx_word' id='word_1_196' title='bbox 615 3695 784 3758; x_wconf 87' lang='lat' dir='ltr'><strong>modicum</strong></span> <span class='ocrx_word' id='word_1_197' title='bbox 804 3696 980 3776; x_wconf 88' lang='lat' dir='ltr'><strong>temporis,</strong></span> <span class='ocrx_word' id='word_1_198' title='bbox 992 3696 1194 3761; x_wconf 86' lang='lat' dir='ltr'><strong>suburbana</strong></span> <span class='ocrx_word' id='word_1_199' title='bbox 1209 3717 1291 3763; x_wconf 92' lang='lat' dir='ltr'><strong>con·</strong></span> 
     </span>
     <span class='ocr_line' id='line_1_34' title="bbox 332 3793 1292 3875; baseline 0.008 -21"><span class='ocrx_word' id='word_1_200' title='bbox 332 3794 489 3875; x_wconf 85' lang='lat' dir='ltr'><strong>sumpsit.</strong></span> <span class='ocrx_word' id='word_1_201' title='bbox 544 3793 622 3855; x_wconf 85' lang='lat' dir='ltr'><strong>Rex</strong></span> <span class='ocrx_word' id='word_1_202' title='bbox 658 3794 814 3857; x_wconf 83' lang='lat' dir='ltr'><strong>Franciae</strong></span> <span class='ocrx_word' id='word_1_203' title='bbox 846 3804 878 3856; x_wconf 91' lang='lat' dir='ltr'><strong>et</strong></span> <span class='ocrx_word' id='word_1_204' title='bbox 910 3813 1024 3857; x_wconf 82' lang='lat' dir='ltr'><strong>comes</strong></span> <span class='ocrx_word' id='word_1_205' title='bbox 1056 3795 1292 3875; x_wconf 86' lang='lat' dir='ltr'><strong>Pictavensis,</strong></span> 
     </span>
     <span class='ocr_line' id='line_1_35' title="bbox 333 3892 1295 3974; baseline 0.009 -21"><span class='ocrx_word' id='word_1_206' title='bbox 333 3894 448 3954; x_wconf 88' lang='lat' dir='ltr'><strong>urbem</strong></span> <span class='ocrx_word' id='word_1_207' title='bbox 467 3892 625 3972; x_wconf 82' lang='lat' dir='ltr'><strong>ingressi,</strong></span> <span class='ocrx_word' id='word_1_208' title='bbox 649 3911 727 3954; x_wconf 91' lang='lat' dir='ltr'><strong>cum</strong></span> <span class='ocrx_word' id='word_1_209' title='bbox 750 3893 968 3974; x_wconf 90' lang='lat' dir='ltr'><strong>processione</strong></span> <span class='ocrx_word' id='word_1_210' title='bbox 991 3894 1136 3958; x_wconf 90' lang='lat' dir='ltr'><strong>solemni</strong></span> <span class='ocrx_word' id='word_1_211' title='bbox 1159 3895 1196 3959; x_wconf 90' lang='lat' dir='ltr'><strong>in</strong></span> <span class='ocrx_word' id='word_1_212' title='bbox 1221 3918 1295 3963; x_wconf 86' lang='lat' dir='ltr'><strong>ma-</strong></span> 
     </span>
     <span class='ocr_line' id='line_1_36' title="bbox 327 3989 1294 4075; baseline 0.01 -23"><span class='ocrx_word' id='word_1_213' title='bbox 327 3989 396 4071; x_wconf 86' lang='lat' dir='ltr'><strong>jori</strong></span> <span class='ocrx_word' id='word_1_214' title='bbox 423 3990 568 4054; x_wconf 87' lang='lat' dir='ltr'><strong>ecclesia</strong></span> <span class='ocrx_word' id='word_1_215' title='bbox 592 3999 673 4053; x_wconf 88' lang='lat' dir='ltr'><strong>sunt</strong></span> <span class='ocrx_word' id='word_1_216' title='bbox 696 3993 837 4073; x_wconf 86' lang='lat' dir='ltr'><strong>recepti.</strong></span> <span class='ocrx_word' id='word_1_217' title='bbox 893 3992 979 4056; x_wconf 92' lang='lat' dir='ltr'><strong>Post</strong></span> <span class='ocrx_word' id='word_1_218' title='bbox 996 3991 1166 4057; x_wconf 87' lang='lat' dir='ltr'><strong>decimum</strong></span> <span class='ocrx_word' id='word_1_219' title='bbox 1187 3996 1294 4075; x_wconf 88' lang='lat' dir='ltr'><strong>diem,</strong></span> 
     </span>
    </p>
   </div>
   <div class='ocr_carea' id='block_1_7' title="bbox 347 4134 493 4142">
    <p class='ocr_par' dir='ltr' id='par_1_7' title="bbox 347 4134 493 4142">
     <span class='ocr_line' id='line_1_37' title="bbox 347 4134 493 4142; baseline 0.007 -1"><span class='ocrx_word' id='word_1_220' title='bbox 347 4134 493 4142; x_wconf 66' lang='lat' dir='ltr'><strong>...n—..aan—</strong></span> 
     </span>
    </p>
   </div>
   <div class='ocr_carea' id='block_1_8' title="bbox 368 4210 1239 4279">
    <p class='ocr_par' dir='ltr' id='par_1_8' title="bbox 368 4210 1239 4279">
     <span class='ocr_line' id='line_1_38' title="bbox 368 4210 1239 4279; baseline 0.009 -20"><span class='ocrx_word' id='word_1_221' title='bbox 368 4210 374 4239; x_wconf 87' lang='lat'><strong>¹</strong></span> <span class='ocrx_word' id='word_1_222' title='bbox 391 4213 457 4260; x_wconf 85' lang='lat' dir='ltr'><strong>Now</strong></span> <span class='ocrx_word' id='word_1_223' title='bbox 471 4213 507 4261; x_wconf 58' lang='lat' dir='ltr'><strong>lla</strong></span> <span class='ocrx_word' id='word_1_224' title='bbox 520 4214 592 4261; x_wconf 83' lang='lat' dir='ltr'><strong>Ferte</strong></span> <span class='ocrx_word' id='word_1_225' title='bbox 603 4213 725 4261; x_wconf 85' lang='lat' dir='ltr'><strong>llernard.</strong></span> <span class='ocrx_word' id='word_1_226' title='bbox 802 4210 806 4279; x_wconf 79' lang='grc' dir='ltr'>Ι</span> <span class='ocrx_word' id='word_1_227' title='bbox 857 4211 868 4240; x_wconf 81' lang='lat'>²</span> <span class='ocrx_word' id='word_1_228' title='bbox 884 4215 1128 4277; x_wconf 83' lang='lat' dir='ltr'><strong>‘appropinquabat</strong></span> <span class='ocrx_word' id='word_1_229' title='bbox 1138 4213 1153 4279; x_wconf 72' lang='grc' dir='ltr'><strong>ς’</strong></span> <span class='ocrx_word' id='word_1_230' title='bbox 1166 4214 1239 4272; x_wconf 73' lang='grc' dir='ltr'><strong>Μ.</strong></span> 
     </span>
    </p>
   </div>
   <div class='ocr_carea' id='block_1_9' title="bbox 0 0 1474 4950">
    <p class='ocr_par' dir='ltr' id='par_1_9' title="bbox 0 0 1474 4950">
     <span class='ocr_line' id='line_1_39' title="bbox 0 0 1474 4950; baseline 0 2"><span class='ocrx_word' id='word_1_231' title='bbox 0 0 1474 4950; x_wconf 95' lang='lat' dir='ltr'><strong> </strong></span> 
     </span>
    </p>
   </div>
  </div>
 </body>
</html>
