2940 4950
580 409 759 458 aurnuns
1080 394 1145 459 107

240 567 424 632 Discordia
440 567 530 631 inter
546 567 745 650 Philippum
766 568 979 639 Francorum
996 577 1031 632 et
1048 568 1144 633 Heu·
1156 585 1308 684 pucqrqp·

188 669 295 730 ricum
315 668 510 749 Auglorum
531 687 631 749 reges
657 669 800 732 suborta
826 676 879 732 est
903 675 1045 751 propter
1069 686 1183 732 cas-an
1156 645 1308 775 ΡΞ
1208 685 1298 736 tutu
1286 685 1310 724 ι

189 775 278 830 trum
306 766 463 843 Gisortii,
487 774 523 830 et
548 768 618 831 alia
640 767 798 850 quaedam
822 775 949 845 castra,
976 788 1054 850 quae
1080 788 1143 832 rex
1212 747 1246 781 ω’

190 865 341 946 Angliae,
356 874 508 948 tempore
527 866 693 931 Lodovici
708 868 812 949 regis,
830 874 994 948 tanquam
1012 868 1056 931 ad
1073 867 1144 932 seo-

188 964 268 1028 dum
292 966 437 1029 ducatus
459 964 684 1030 Normanniaa
709 967 917 1046 pertinentia
941 969 1141 1048 occupavit:

188 1084 251 1128 rex
274 1073 390 1129 autem
414 1064 569 1128 Franciae
592 1084 635 1129 ea
650 1065 851 1141 vindicavit,
872 1073 1037 1150 tanquam
1061 1067 1145 1132 data

189 1184 211 1227 a
233 1171 332 1246 patre
352 1165 387 1227 in
412 1163 526 1228 dotem
551 1164 643 1240 filiae,
666 1171 701 1228 at
727 1171 807 1246 post
830 1172 975 1230 mortem
998 1166 1144 1231 Henrici

189 1264 280 1345 regis
313 1264 463 1347 junioris
507 1264 551 1327 ad
593 1283 710 1345 regem
754 1263 910 1328 Franciae
952 1285 1142 1330 reversura.

192 1363 297 1428 Fiunt
321 1364 429 1445 igitur
452 1361 611 1426 interris
633 1381 751 1426 eorum
780 1362 859 1426 hinc
884 1364 965 1428 inde
984 1364 1144 1428 incendia

188 1470 224 1526 et
245 1464 389 1545 rapinae,
407 1462 684 1544 munitionesque
708 1463 935 1527 destruuntur
955 1470 991 1527 et
1016 1471 1142 1527 castra.

189 1560 276 1625 Cum
317 1571 433 1627 autem
475 1554 787 1645 ¹appr0pinquaret
824 1581 887 1626 rex
929 1563 1142 1627 Francorum

187 1669 302 1726 castro
336 1661 514 1744 Radulphi
543 1671 581 1726 ut
612 1661 698 1725 illud
727 1661 900 1726 obsideret
927 1671 962 1727 et
990 1670 1141 1745 caperet,

186 1781 249 1825 rex
272 1780 355 1825 vero
379 1761 572 1842 Anglorum
595 1760 740 1824 utillud
765 1761 963 1826 defenderet
989 1769 1026 1826 et
1050 1762 1141 1826 ohsi-

187 1860 324 1925 dionem
349 1860 542 1943 impediret,
573 1861 755 1943 paratique
778 1869 894 1926 essent
916 1880 1016 1943 reges
1040 1855 1141 1925 ²-con

188 1958 298 2038 gredi,
323 1959 553 2023 mediantibus
569 1960 653 2023 viris
672 1959 876 2040 quibusdam
902 1961 1141 2042 prudentibus,
1153 1975 1277 2065 πιιιιιιιιιῦ

187 2075 265 2118 cum
282 2056 407 2137 legatis
424 2058 594 2121 Romanae
610 2057 764 2121 ecclesiae
783 2060 843 2139 qui
866 2065 948 2122 tunc
970 2079 1033 2141 pro
1055 2079 1141 2141 pace
1152 2037 1291 2164 1ῗ1””ιιιιιιιιιι’

189 2154 407 2219 reformanda
430 2161 610 2232 venerant,
632 2155 724 2219 datis
746 2155 905 2232 induciis,
928 2156 1141 2223 discedentes

188 2254 255 2318 ab
245 2254 404 2331 ruvicem,
422 2255 467 2318 ad
484 2254 623 2335 propria
640 2253 825 2317 redierunt.

239 2354 333 2416 Dum
361 2363 476 2418 autem
499 2372 598 2434 reges
623 2352 672 2416 ihi
696 2371 826 2416 moram
858 2352 1021 2430 facerent,
1049 2355 1275 2436 apudsmuure

189 2459 342 2516 castrum
360 2454 507 2516 vicinum
524 2452 614 2535 quod
630 2451 730 2515 Dolis
745 2451 882 2529 dicitnr,
900 2452 969 2517 duo
985 2452 1141 2518 Brahan·

187 2572 289 2615 zones
313 2551 472 2616 ludentes
495 2551 538 2615 ad
557 2559 718 2628 tesseras,
734 2569 849 2638 coram
867 2552 1018 2633 imagine
1030 2554 1141 2618 heatae

186 2651 342 2732 Virginis
365 2671 470 2735 super
489 2651 684 2714 columnam
706 2650 859 2714 ecclesiae
886 2652 1012 2732 posita,
1034 2652 1141 2717 male·

188 2771 254 2832 quo
273 2751 455 2834 perdentes
472 2751 564 2833 quod
587 2751 703 2834 inique
719 2749 966 2831 adquisierant,
983 2751 1019 2814 in
1036 2754 1141 2817 verba

188 2850 410 2933 blasphemiae
430 2851 466 2914 in
490 2843 621 2914 ³Dnunr
644 2857 680 2914 et
695 2851 831 2913 beatam
847 2849 1026 2932 Virginem
1045 2844 1143 2934 ⁴prc-

187 2957 364 3031 ruperunt.
418 2949 574 3026 Quorum
600 2949 688 3013 alter
714 2948 863 3031 lapidem
890 2949 926 3013 in
955 2951 1139 3032 imaginem

186 3049 383 3131 projiciens,
402 3048 578 3111 brachium
594 3049 755 3130 imaginis
774 3049 872 3130 parvi
889 3048 913 3112 J
917 3066 983 3114 usu
1000 3050 1139 3126 avulsit,

187 3147 375 3228 statimque
398 3147 539 3228 sanguis
562 3141 767 3229 ⁶profluxit3
795 3148 864 3229 qui,
890 3167 912 3211 a
936 3149 1055 3212 multis
1081 3151 1140 3232 qui

189 3246 224 3309 in
252 3244 430 3308 obsidione
454 3254 552 3309 erant
579 3246 677 3309 visus
705 3251 741 3309 et
761 3246 940 3324 collectus,
967 3247 1096 3311 multos
1120 3268 1141 3312 a

188 3345 293 3408 variis
308 3344 532 3426 languoribus
554 3344 615 3408 illo
637 3345 796 3408 inunctos
818 3345 971 3410 infirmos
993 3347 1140 3411 curavit.

187 3444 372 3508 Brachium
405 3463 488 3508 vero
518 3443 818 3525 sanguinolentum
849 3444 1017 3522 JoanneS,
1049 3447 1141 3528 regis

186 3545 380 3625 Anglorum
397 3544 501 3618 tilius,
515 3545 606 3607 inter
618 3544 782 3626 reliquias
799 3563 876 3607 cum
894 3564 1022 3627 magna
1038 3565 1140 3611 vene-

185 3645 320 3708 ratione
335 3663 451 3708 secum
474 3644 637 3727 portavit.
690 3643 921 3726 Blasphemns
944 3654 1060 3711 autem
1082 3647 1140 3712 ille

185 3743 320 3821 infelix,
344 3743 462 3809 eodem
488 3743 544 3807 die
568 3764 590 3807 a
614 3743 771 3809 daemone
796 3763 866 3827 quo
891 3747 1061 3828 agebatur
1086 3766 1141 3810 ar·

185 3851 316 3925 reptus,
340 3843 527 3907 miserrime
543 3844 649 3907 vitam
668 3843 791 3908 finivit.
845 3844 965 3929 Hujus
984 3846 1139 3911 miraculi

221 4048 228 4080 ¹
246 4050 499 4111 ‘appropinquaverit
506 4045 521 4108 ς’
530 4048 649 4098 M.etAr.
709 4048 720 4079 ⁴
736 4052 921 4112 ‘perruperunt
927 4046 943 4110 ;'
955 4051 994 4099 M.
1005 4055 1029 4099 et
1041 4050 1088 4099 Ar.

220 4117 363 4168 ²‘inirnice
374 4115 649 4180 congredisuaettr.
710 4117 865 4169 “ubertim
889 4115 1032 4180 profluxit?
1057 4120 1095 4168 Μ.
1114 4124 1139 4166 et

220 4188 232 4220 ³
248 4189 402 4239 ‘Dominum
411 4186 426 4248 ς’
439 4190 477 4239 Μ.
676 4188 724 4237 Ar.
