2940 4950
517 484 701 534 Anninus.
1025 470 1086 535 181

130 638 276 703 Thomas
322 642 584 722 praedecessoris
631 642 685 705 sui
733 643 880 723 vestigia
920 641 1085 705 imitatus.

131 736 227 802 Otho
261 740 334 803 dux
367 734 558 817 ¹Saxonite,
594 741 684 821 regis
714 741 850 821 Augiiae
887 762 931 805 ex
969 761 1087 805 serere

131 858 253 921 nepos,
296 858 438 921 regnum
482 840 698 903 hienrannim
742 842 883 922 paciiice
925 842 1086 916 obtinuit,

132 935 297 1021 Philippo
331 940 419 1003 duce
454 940 603 1015 Sueviar,
642 941 700 1023 qui
739 960 815 1002 euru
856 940 993 1004 Othone
1027 942 1086 1004 diu

129 1030 371 1103 ²c0ntenderat
399 1039 441 1104 de
469 1040 623 1122 imperio,
650 1059 670 1102 a
702 1039 938 1105 Laudecravio
960 1041 1086 1104 Turin-

127 1138 197 1219 giae
215 1138 410 1203 interiecto.
461 1138 617 1203 Joannes
644 1139 686 1202 de
709 1132 881 1203 ³Bronnia
906 1140 942 1203 in
970 1160 1085 1221 regem

128 1236 325 1302 Jerusalem
340 1247 533 1303 coronatur.
575 1238 745 1303 Obierunt
759 1238 941 1322 Philippus
958 1240 1086 1304 Dunel-

130 1338 260 1401 mensis
276 1345 312 1402 et
328 1337 507 1402 Galfridus
520 1332 765 1402 *cicestrensis
781 1339 945 1422 episcopi.

148 1554 174 1589 u.
188 1556 214 1592 Ν.
225 1554 246 1591 J.
257 1555 281 1592 0.
374 1556 397 1593 Ρ.
409 1557 571 1593 noussimtut
585 1558 610 1593 tr.

292 1612 371 1621 0—-—

169 1642 259 1679 uecrx.
300 1616 502 1681 rsueessrirrri.
526 1616 679 1681 enrrisrsrv.
725 1644 876 1681 rnrcrrnn.
936 1644 1041 1680 sossius

383 1706 422 1751 ll.
583 1705 623 1751 ῙΙ.
771 1706 812 1751 ²8.

181 1841 322 1907 Josust
345 1844 418 1925 regi
437 1842 574 1926 Angliae
598 1854 701 1908 natus
724 1853 776 1907 est
795 1844 886 1907 tilius
902 1845 1084 1921 secundm,
1096 1857 1170 1947 2235:

131 1944 170 2006 in
197 1942 319 2025 vigilia
347 1942 565 2027 Epiphaniae,
597 1964 700 2027 quem
728 1945 764 2007 in
795 1944 911 2008 fratris
937 1945 991 2007 sui
1016 1964 1087 2008 me·
1172 1937 1177 1947 ’

130 2042 276 2107 moriam
304 2044 495 2126 appellavit
524 2044 722 2109 Ricardum.
776 2045 856 2108 Hoc
881 2064 972 2108 anno
996 2043 1085 2108 idem

128 2161 194 2205 rex
210 2141 301 2225 apud
325 2142 541 2225 Merleberge
561 2139 743 2208 ⁶eomitum
763 2152 799 2207 et
814 2146 982 2207 baronum
1002 2143 1085 2208 aiio·

127 2260 206 2305 rum
223 2241 266 2306 de
282 2262 320 2305 se
337 2244 526 2307 tenentium
545 2264 606 2326 per
625 2252 735 2308 totam
751 2242 915 2324 Angliam
934 2244 1086 2325 suscepit

130 2340 318 2406 fidelitates
349 2351 384 2406 et
412 2344 574 2425 homagia
603 2344 740 2408 iterato.
800 2341 880 2406 Hoc
915 2360 1007 2405 anuo
1040 2362 1085 2405 ex

132 2449 309 2525 proecepto
330 2444 423 2524 regis
446 2442 489 2506 de
512 2443 643 2526 palatio
662 2442 961 2507 westmonasterii
978 2442 1086 2525 juxta

133 2540 350 2606 Londenium
381 2562 491 2625 usque
519 2543 846 2625 Northamptoniam
875 2542 1086 2605 scaccarium

130 2647 187 2705 est
214 2642 433 2706 translatum.
486 2642 617 2706 Audito
636 2652 751 2707 autem
774 2642 866 2725 qnod
889 2642 1085 2706 Wilielmus

132 2760 197 2805 rex
237 2740 418 2805 Scotorum
458 2742 563 2806 filiam
597 2762 694 2806 suam
733 2744 850 2805 comiti
887 2743 1086 2807 Boionieusi

126 2841 309 2925 junxisset
326 2844 510 2920 connubio,
532 2844 614 2925 quia
635 2844 832 2925 irrequisito
855 2862 919 2906 suo
943 2862 1087 2906 assensu

131 2940 265 3005 sactum
287 2940 412 3018 fuerat,
437 2961 530 3023 aegre
558 2942 648 3007 tulit.
702 2941 850 3023 Propter
874 2943 966 3025 quod
995 2944 1087 3005 circa

132 3040 259 3105 festum
294 3040 418 3105 Mariae
454 3042 686 3124 Magdaienae‚
715 3044 910 3105 coadunato
945 3043 1086 3124 copioso

131 3140 303 3219 exercitu,
326 3159 437 3225 usque
461 3142 674 3206 Berewicum
698 3143 878 3223 processit,
905 3141 996 3204 bello
1023 3161 1085 3222 ag-

132 3240 232 3321 gredi
253 3260 368 3325 regem
390 3241 571 3306 Scotorum
598 3240 808 3322 disponens;
835 3241 894 3303 sed
918 3240 1011 3303 illico
1034 3259 1087 3303 re·

131 3340 283 3405 formata
322 3360 419 3425 pace,
459 3342 610 3423 acceptis
646 3340 780 3403 duabus
820 3339 957 3402 iiliahus
994 3340 1086 3419 regis

132 3440 262 3505 Scotiae
293 3440 481 3518 obsidibus,
512 3443 547 3504 in
583 3440 747 3521 Angiiam
778 3439 878 3502 rediit
908 3440 1087 3521 proposito

129 3540 326 3605 immutato.
379 3539 473 3606 Otho
505 3562 566 3605 rex
601 3540 849 3615 Romanorum,
882 3540 918 3601 in
947 3538 1086 3602 Italiam

130 3640 286 3717 veniens,
301 3640 511 3722 imperialem
532 3640 803 3704 benedictionem
821 3640 864 3702 ab
882 3638 1088 3703 Innocentio

131 3740 281 3821 recepit3
306 3740 364 3823 qui
381 3742 499 3804 statim
510 3760 588 3803 cnm
603 3738 773 3804 Romanis
787 3759 940 3820 pugnam
955 3738 1088 3816 hahuit,

130 3847 168 3904 et
190 3846 313 3904 centra
340 3840 556 3905 voluntatem
584 3838 714 3904 domini
741 3859 842 3921 papae
868 3859 1011 3920 regnum
1039 3840 1089 3901 in·

168 4076 176 4108 ¹
193 4080 341 4129 ‘Saxonum
350 4074 365 4141 ;’
377 4078 417 4129 M.
428 4083 453 4127 et
464 4078 511 4129 Ar.
662 4074 673 4173 ἒ
688 4076 849 4173 :Castrensis
858 4074 874 4134 ς’
886 4072 954 4122 D’A.
1027 4140 1060 4189 nr

167 4176 448 4243 uenenum„
627 4151 840 4276 ,nstitit
863 4146 1026 4271 iiiiii&
1049 4155 1089 4260 ii.

165 4280 178 4313 ⁸
194 4278 326 4343 ‘lirum’
340 4284 379 4331 Μ.
391 4286 416 4331 et
427 4283 474 4332 Ar.
626 4290 651 4333 et
660 4284 707 4335 Ar.
