2948 4942
343 457 411 523 330
696 471 768 520 nic.
794 469 944 519 rnrvnrr

344 649 405 712 per
424 648 484 692 eas
509 626 731 703 concordata,
755 626 790 689 in
815 625 982 690 fidelitate
1006 625 1103 706 regia
1122 645 1162 690 so
1186 625 1299 690 adim·

344 730 515 811 picturum
551 727 749 810 spopondit.
824 725 982 809 Moxque
1011 725 1110 789 miles
1144 725 1299 809 quidam,

344 829 482 892 nomine
499 827 681 891 Gallridus
701 826 744 890 de
762 824 964 908 Langeleia,
981 825 1024 890 de
1049 825 1183 890 familia
1210 826 1301 890 Ead-

344 927 462 991 mundi
492 927 610 991 fratris
638 925 731 1008 regis
761 924 914 1007 Angliae,
943 945 1021 990 curn
1048 925 1175 991 litteris
1204 928 1300 1008 regis

346 1027 560 1092 Francorum
586 1025 833 1090 revocantibus
858 1024 1155 1090 constabularium
1185 1025 1300 1091 Fran·

342 1126 417 1205 ciae,
440 1128 599 1209 quicum
625 1126 781 1190 exercitu
806 1125 982 1208 profectus
1006 1124 1119 1189 luerat
1141 1132 1182 1190 ut
1202 1124 1299 1190 Vas·

343 1228 478 1291 couiam
500 1233 731 1308 expugnaret,
758 1225 885 1289 missus
916 1224 1036 1289 estad
1061 1243 1152 1288 eum.
1215 1224 1299 1290 Rex

343 1327 447 1391 etiam
474 1325 614 1408 Angliae
642 1325 841 1389 cantuariae
863 1324 1116 1389 solemnitatem
1140 1323 1299 1391 Pascha·

343 1427 410 1490 lem
441 1426 565 1503 tenuit,
596 1425 722 1489 ibidem
746 1432 785 1489 ut
812 1423 994 1488 Ambianis
1019 1423 1300 1507 proficisceretur

343 1533 551 1609 exspectans
574 1525 708 1589 litteras
724 1525 768 1588 de
785 1523 968 1589 conductu.
1020 1524 1044 1589 J
1046 1543 1176 1588 oannes
1190 1525 1299 1589 etiam

342 1625 385 1688 de
404 1626 499 1706 Lacy
516 1624 663 1688 clericus
688 1624 874 1706 praedictus
893 1624 929 1686 in
946 1623 1158 1688 Vasconiam
1182 1631 1298 1689 trans·

344 1725 468 1787 missus
496 1732 560 1800 cst,
589 1742 666 1786 cum
694 1722 812 1788 littera
838 1723 1003 1788 ministris
1036 1724 1127 1807 regis
1153 1722 1298 1806 Angliae

342 1824 486 1897 directa,
505 1823 695 1886 secundum
715 1823 861 1886 formam
878 1823 1091 1905 praedictam.
1136 1822 1297 1890 Joannes

343 1943 426 1987 vero
453 1923 496 1986 de
527 1923 657 1986 Sancto
687 1921 838 1999 Joanne,
868 1942 970 2005 quern
1004 1942 1066 1987 rex
1098 1922 1298 2005 Anglorum

342 2022 530 2087 Vaseoniae
544 2023 759 2105 praefecerat,
781 2022 909 2086 auditis
924 2022 1036 2105 pactis
1057 2023 1163 2098 initis,
1179 2026 1300 2089 omnia

342 2142 421 2205 quae
449 2124 494 2187 ad
520 2123 727 2187 munitiones
752 2132 945 2186 castrorum
973 2123 1166 2187 sturbium
1191 2117 1297 2206 ¹pro·

342 2224 477 2288 viderat
503 2223 669 2297 vendidit,
690 2222 938 2303 discedensque
959 2242 1022 2305 per
1044 2222 1200 2286 Parisios
1216 2243 1297 2288 ver·

178 2340 316 2380 russanen
342 2342 402 2386 sus
428 2322 590 2405 Angliam
616 2323 682 2386 iter
704 2341 804 2385 snum
831 2321 969 2386 direxit.
1029 2322 1076 2386 Et
1097 2340 1191 2400 ecce,
1212 2343 1297 2406 pro·

177 2392 328 2481 libili&
342 2430 486 2486 curante
508 2423 603 2505 pacis
630 2421 767 2498 aemulo,
791 2422 1010 2486 immutatum
1039 2429 1093 2486 est
1113 2441 1175 2486 cor
1200 2424 1297 2505 regis

343 2523 568 2599 Francorum,
600 2521 859 2603 conductusque
890 2522 983 2603 regis
1018 2519 1158 2603 Angliae
1189 2521 1296 2586 dene·

341 2630 456 2702 gatur,
490 2629 525 2685 et
555 2621 675 2684 littera
701 2620 949 2684 constabularii
982 2619 1202 2686 revocatoria
1232 2643 1297 2705 per

340 2720 566 2802 posteriorem
600 2721 754 2784 litteram
785 2720 952 2798 irritatur,
984 2728 1020 2785 et
1055 2740 1118 2803 per
1150 2730 1294 2786 consta·

340 2820 512 2882 bularium
546 2818 759 2883 Vasconiam
794 2821 829 2883 in
860 2839 965 2884 manu
998 2821 1132 2902 potenti
1162 2821 1297 2885 intran-

341 2926 422 2996 tem,
449 2918 651 2982 custodibus
678 2927 714 2983 et
735 2920 902 2983 ministris
923 2920 1030 3003 juxta
1052 2926 1209 2984 tenorem
1236 2921 1296 2985 lit·

340 3027 424 3083 terae
450 3024 645 3100 apportatas
677 3037 716 3081 se
738 3019 978 3097 subdentibus,
1003 3020 1039 3082 in
1071 3038 1175 3083 manu
1202 3021 1297 3103 regis

343 3118 554 3182 Francorum
594 3118 764 3200 accipitur
802 3126 895 3182 terra
932 3126 1030 3198 tota3
1076 3119 1297 3203 ministrique

340 3238 458 3281 omnes
492 3218 584 3299 regis
614 3216 755 3299 Angliae
793 3226 963 3301 terraeque
995 3219 1168 3297 custodes,
1203 3221 1296 3284 obsi·

339 3318 400 3382 des
427 3325 463 3382 et
485 3318 615 3400 captivi
646 3317 801 3381 Parisios
829 3317 1054 3383 deducuntur.
1107 3318 1196 3383 Post
1221 3320 1297 3384 dies

340 3426 455 3482 tamen
486 3418 620 3501 aliquot
652 3415 875 3481 Eadmundus
907 3419 1046 3499 reginas
1077 3419 1229 3500 rogavit,
1255 3426 1298 3484 ut

335 3517 443 3599 juxta
472 3537 537 3580 sua
565 3518 736 3600 promissa
762 3524 797 3580 et
822 3518 1001 3598 pactiones
1032 3518 1149 3594 initas,
1175 3537 1295 3600 regem

343 3616 501 3681 Francia>
522 3617 784 3699 interpellarent
804 3635 909 3698 super
932 3617 1104 3681 conductu
1129 3618 1205 3698 regi
1222 3616 1297 3682 An·

340 3715 420 3796 gliae
446 3716 679 3793 concedendo,
702 3715 867 3779 citatione
890 3716 1098 3795 revocanda,
1124 3724 1219 3781 terra
1240 3737 1296 3781 re·

273 3864 278 3871 .
341 3815 527 3891 stituenda,
558 3822 593 3878 et
624 3815 802 3878 obsidibus
836 3815 1031 3880 liberandis.
1097 3816 1178 3880 Rex
1212 3837 1296 3881 vero

343 3916 554 3980 Francorum
576 3935 637 3998 per
654 3913 823 3998 quosdam
840 3915 979 3993 milites,
997 3914 1121 3980 missos
1142 3916 1186 3980 ad
1205 3917 1295 3981 Ead-

544 4156 550 4188 ¹
569 4158 731 4220 ‘providerat
739 4152 756 4219 ;'
773 4157 886 4219 wanting
898 4157 924 4204 in
936 4157 974 4208 M.
988 4157 1038 4207 and
1047 4158 1094 4206 Ar.
