2940 4950
568 400 755 449 inurens.
1096 383 1139 449 sl

193 569 392 647 Comubiae,
409 570 525 634 etalio
545 572 753 654 pertinentia
768 571 811 635 ad
828 570 1014 634 dominium
1030 591 1140 646 suum,

190 688 269 751 quae
287 676 519 752 occupaverat
536 690 651 735 comes
667 671 776 735 Eudo.

191 867 268 952 ejus
299 887 362 932 rex
391 868 511 952 junior
538 870 572 933 in
600 869 762 952 Angliam
790 868 1079 949 transfretarunt;
1105 871 1140 933 in

190 986 337 1049 quorum
364 968 527 1046 adventu,
545 969 643 1033 multi
667 971 710 1033 de
735 969 828 1033 clero
855 975 890 1032 et
915 968 1055 1051 populo,
1077 989 1141 1052 pro

190 1068 375 1131 venatione
408 1066 539 1146 illicita,
573 1069 727 1150 graviter
758 1076 841 1132 sunt
870 1069 993 1150 puniti.
1061 1068 1140 1133 Rex

190 1164 318 1230 Scotiae
340 1166 545 1249 pacificatus
567 1176 622 1232 est
638 1187 716 1231 eum
732 1187 813 1249 rege
828 1166 967 1248 Angliee
990 1167 1054 1230 sub
1077 1167 1244 1265 hacffffifh

189 1263 319 1329 forma:
351 1266 433 1331 fecit
462 1269 551 1330 enim
585 1266 782 1348 homagium
812 1275 847 1332 et
874 1266 1067 1348 ligantiam,
1099 1267 1143 1330 de

189 1364 283 1428 omni
297 1373 390 1430 terra
414 1384 489 1441 sua,
508 1376 547 1429 ut
562 1366 703 1449 proprio
725 1365 885 1444 domin03
908 1373 943 1429 et
960 1367 1143 1443 concessit,

190 1473 229 1529 ut
259 1464 347 1528 idem
379 1465 531 1530 facerent
559 1485 678 1531 omnes
709 1473 809 1530 terrae
840 1484 913 1528 suae
940 1465 1084 1529 comites
1108 1473 1143 1529 et

188 1563 346 1628 barones.
394 1565 559 1648 Episcopi
578 1574 693 1630 autern
711 1573 747 1630 et
765 1565 907 1629 abbates
924 1572 1143 1629 sacramento

188 1682 226 1726 se
252 1665 545 1744 constrinxerunt,
572 1666 664 1749 qnod
685 1664 798 1728 sonent
819 1664 948 1730 subditi
976 1662 1142 1746 archiepi-

186 1782 294 1846 scopo
311 1763 531 1829 Ehoracensi.
584 1764 744 1830 Tradidit
766 1764 908 1848 insuper
928 1783 990 1832 rex
1012 1763 1141 1828 Scotiae

189 1861 397 1926 munitiones
430 1871 524 1942 tres3
559 1866 693 1928 scilicet
719 1857 1016 1946 ¹Rokisburgiam,
1046 1856 1140 1926 ²cas·

190 1967 280 2024 trum
301 1960 513 2039 Puellarum,
529 1956 597 2044 ³[et
610 1963 779 2042 castrum]
796 1962 964 2026 Berewici
980 1963 1053 2044 regi
1069 1960 1142 2025 An-

189 2058 283 2141 gliae,
313 2060 347 2122 in
378 2061 502 2142 quibus
534 2063 650 2143 posuit
675 2080 739 2124 rex
764 2060 939 2126 Henricus
967 2061 1141 2135 custodes,

189 2176 252 2239 per
284 2177 399 2239 regem
432 2158 558 2223 Scotiae
596 2159 632 2222 in
664 2160 867 2223 necessariis
895 2153 1140 2224 ⁴exhibendos.

191 2256 368 2320 Praeterea
385 2258 556 2323 concessit
579 2277 640 2322 rex
658 2256 870 2334 Willelmns,
891 2259 983 2341 quod
1009 2259 1143 2339 episco-

189 2365 306 2438 patus,
329 2358 499 2434 abbatias,
523 2364 558 2420 et
575 2357 662 2421 alios
678 2356 826 2421 honores
847 2357 883 2420 in
902 2356 1022 2421 Scotia
1041 2356 1141 2422 daret

188 2475 251 2518 rex
275 2454 425 2537 Angliae,
449 2457 506 2520 vel
534 2456 657 2521 saltem
688 2457 764 2521 sine
796 2456 942 2521 consilio
968 2455 1044 2540 ejus
1071 2475 1141 2521 non

188 2554 362 2619 darentur.
416 2555 512 2621 Obiit
533 2551 780 2638 ⁵Reginaldus,
806 2575 922 2620 comes
945 2554 1141 2637 Cornubiae,

187 2655 288 2737 primi
318 2656 463 2720 Hem-ici
492 2657 584 2738 regis
612 2655 807 2738 Anglorum
836 2655 927 2720 filius
959 2656 1141 2734 naturalis,

188 2754 288 2838 cujus
321 2762 431 2819 terras
461 2775 580 2820 omnes
613 2755 648 2818 in
677 2754 818 2837 Anglia,
845 2754 1076 2830 Normannia,
1107 2763 1142 2819 et

187 2853 330 2931 Wallia,
360 2853 527 2940 (exceptu
557 2875 668 2938 parva
691 2856 849 2939 portione
876 2875 978 2938 quam
1006 2854 1142 2920 filiabus

188 2953 265 3037 ejus
289 2950 413 3038 dedit,)
439 2956 580 3020 retinuit
604 2974 666 3019 rex
691 2957 727 3018 in
757 2974 859 3018 manu
885 2973 961 3029 sua,
988 2953 1031 3017 ad
1054 2972 1142 3035 opus

186 3051 210 3115 J
213 3053 336 3117 oannis
359 3053 419 3117 filii
437 3055 490 3117 sni
507 3053 668 3136 junioris.
722 3053 818 3118 Obiit
837 3052 1009 3117 Ricardus
1026 3072 1143 3117 comes

191 3150 402 3230 Gloverniae,
433 3153 489 3216 cui
523 3153 690 3216 successit
720 3152 811 3215 filius
841 3151 917 3234 ejus
946 3151 1142 3233 Philippus.

189 3249 299 3314 Venit
336 3250 372 3313 in
405 3249 581 3331 Angliam,
613 3244 695 3314 ⁶hoc
726 3269 829 3326 anno,
861 3249 969 3331 Hugo
1003 3249 1142 3325 Leonis,

186 3349 388 3432 apostolicae
405 3348 497 3413 sedis
512 3349 662 3431 legatus.

223 3574 232 3608 ¹
250 3575 471 3640 ‘Bokesbnrgiam
478 3571 496 3640 ;'
509 3571 577 3641 ΠΛ.
678 3574 724 3624 but
745 3590 761 3626 a
781 3576 845 3624 later
862 3575 931 3623 hand
950 3577 1060 3624 correcta
1082 3574 1142 3624 Coti.

222 3644 384 3697 '‘Castrum
393 3641 653 3709 Puellarum3’Edin-
680 3645 745 3707 Reg.
775 3646 809 3706 by
831 3639 1027 3706 ‘Reginnldusf
1057 3644 1143 3693 which

187 3716 282 3779 burgh.
678 3728 768 3777 agrees
783 3714 847 3764 with
863 3714 987 3776 Gorneae,
1004 3714 1038 3764 X.
1050 3714 1143 3776 Script.

222 3784 234 3815 ⁸
250 3792 257 3814 ⁸
267 3791 293 3834 et
302 3781 430 3850 castrum‚‘
442 3801 485 3837 are
496 3786 560 3836 irum
569 3787 609 3839 Μ.
679 3789 704 3846 2,
715 3784 765 3834 and
774 3783 1013 3834 RndulioiDiceto.
1037 3783 1144 3849 Bromp·

222 3855 233 3885 ⁴
250 3856 418 3906 ‘exhibendis
427 3852 441 3918 ς’
454 3852 521 3907 D'A.
678 3858 721 3904 ton
733 3856 809 3905 twice
820 3854 869 3905 has
879 3858 888 3884 ⁴
898 3847 1067 3916 sapaudus?

223 3923 289 3976 'All
297 3926 340 3976 the
349 3919 650 3987 MSS.buve‘Rogerus;'
712 3921 798 3974 “hoc
809 3919 899 3985 anno?
916 3915 1140 3976 omittedinn'A.
