2940 4950
574 414 758 464 anninus.
1075 399 1139 464 127

188 580 325 655 temque
347 573 482 636 inerant
500 571 750 638 Saracenorum
769 565 952 648 ¹admirati,
970 581 1006 636 et
1027 573 1136 637 octin-
1152 590 1291 631 avenam·

187 673 281 754 genti
309 672 414 737 Turci
441 672 553 750 electi,
585 681 621 736 et
653 680 822 755 praeterea
849 671 977 736 diversi
1002 675 1139 754 generis
1151 642 1241 742 31:1¹3*

187 772 351 835 victualia
369 792 504 836 omnem
518 773 782 841 aestimationem
795 771 1014 851 excellentia3
1036 772 1138 837 habe-

187 873 272 935 bant
289 881 325 935 et
338 873 454 954 ignem
471 870 632 936 Graecum
650 871 867 935 abundanter
886 872 923 934 in
943 871 1079 955 phialis,
1104 880 1140 937 et

187 971 353 1035 ducentos
371 979 546 1054 serpentes
562 970 882 1054 periculosissimos,
898 964 951 1034 ²in
970 970 1138 1037 Christia-

188 1090 310 1134 norum
338 1072 482 1135 exitium
509 1079 725 1155 procuratos.
787 1070 891 1135 Hanc
914 1090 1038 1135 navem
1060 1092 1139 1136 eum

186 1163 380 1234 ³didicisset
399 1189 475 1234 esse
496 1170 749 1246 Saracenicam,
771 1189 793 1233 a
815 1169 980 1235 Saladino
999 1171 1138 1235 missam

187 1270 223 1333 in
251 1269 442 1334 subsidium
469 1270 687 1334 obsessorum
711 1270 747 1332 in
775 1268 912 1347 Achon,
933 1270 1041 1354 jussit
1067 1271 1140 1335 suis

186 1389 262 1434 eam
279 1370 415 1434 fortiter
425 1388 639 1453 oppugnare.
691 1369 757 1433 Sed
771 1389 848 1434 cum
866 1371 1056 1452 perciperet
1070 1389 1139 1434 uon

187 1471 317 1552 absque
332 1489 459 1552 magno
482 1469 678 1533 discrimine
701 1488 823 1533 navem
846 1469 1016 1550 integram
1039 1489 1141 1552 posse

188 1570 279 1651 capi,
309 1576 349 1633 ut
374 1569 569 1652 galeatores
596 1569 649 1633 sui
674 1575 944 1646 attentaverant,
968 1568 1077 1653 jussit
1101 1577 1140 1633 ut

186 1688 403 1753 unaquaeque
418 1668 518 1751 galea
540 1689 662 1733 navem
680 1678 911 1752 perpungeret
927 1668 1049 1732 rostris
1068 1668 1139 1731 suis

186 1762 352 1833 *ferratis
406 1768 526 1833 Galeae
550 1769 669 1852 itaque
695 1776 875 1833 retroactae
902 1767 1139 1851 multiplicatis

188 1888 356 1932 remorum
373 1868 529 1951 pulsibus
544 1888 622 1932 cum
643 1867 774 1951 impetu
792 1868 948 1933 feruntur
963 1868 1000 1931 in
1016 1887 1140 1932 navem

188 1967 231 2030 ad
250 1958 326 2050 ejus
340 1967 451 2031 latera
466 1966 684 2049 perforanda,
704 1968 891 2051 statimque
909 1967 1007 2032 navis
1024 1967 1140 2032 soluta

190 2065 298 2146 mergi
323 2065 440 2148 coepit.
491 2065 599 2130 Turci
617 2085 711 2142 vero,
727 2077 766 2131 ut
782 2073 927 2131 mortem
953 2067 1140 2132 evaderent

188 2164 402 2238 exsilientes,
419 2165 545 2247 partim
557 2164 657 2227 undis
675 2167 801 2247 partim
818 2165 936 2245 gladio
952 2166 1139 2247 perierunt.

187 2263 417 2348 Trigintaque
448 2271 582 2329 tantum
616 2263 758 2328 retinuit
786 2283 848 2327 rex
875 2264 986 2340 vivos,
1008 2272 1140 2346 septem

186 2363 319 2429 scilicet
349 2358 361 2395 ⁵
369 2363 580 2440 admiralios,
610 2370 645 2427 et
675 2363 763 2428 alios
794 2362 1030 2426 machinarum
1059 2382 1142 2427 con·

186 2463 408 2528 ficiendarum
439 2464 589 2546 peritos3
625 2463 730 2527 ceteri
761 2463 937 2546 perierunt
963 2481 1041 2525 cum
1068 2482 1141 2526 ser-

186 2564 359 2648 pentibus,
375 2563 492 2642 armis,
511 2571 545 2626 et
562 2562 762 2627 victualium
779 2581 907 2644 magna
924 2569 1034 2644 parte,
1054 2581 1141 2626 nave

186 2663 417 2748 pessumdata.

237 2763 317 2827 Rex
329 2782 450 2828 versus
466 2761 590 2828 Achon
607 2763 800 2844 gaudenter
820 2781 1011 2846 properans
1033 2763 1140 2845 septi·
1154 2779 1247 2821 nichea

1153 2831 1282 2879 prosecuta

187 2882 244 2927 mo
276 2862 354 2927 idus
385 2862 484 2927 Junii
514 2863 682 2946 applicuit
716 2882 795 2928 cum
828 2882 954 2945 magno
984 2862 1140 2926 exercitu
1152 2882 1231 2971 ἓξὲξ,

187 2961 415 3040 bellatorum3
449 2962 506 3026 cui
528 2962 646 3026 statim
671 2969 915 3027 concurrentes
943 2961 1075 3038 Pisani,
1103 2981 1141 3025 se

188 3061 264 3145 ejus
293 3061 466 3143 obsequiis
494 3062 745 3144 manciparunt.
798 3060 887 3126 Cum
912 3069 1028 3126 autem
1053 3060 1140 3125 didi·

188 3160 293 3224 cisset
306 3179 421 3242 regem
439 3160 595 3224 Franciae
605 3160 752 3242 singulis
765 3161 932 3225 militibus
948 3180 1011 3243 pro
1025 3179 1141 3224 mense

189 3259 343 3341 quolibet
361 3266 430 3323 tres
445 3278 567 3323 aureos
585 3259 679 3336 dare,
696 3259 771 3341 ipse
788 3259 980 3342 quibusque
997 3258 1140 3323 volenti·

189 3360 253 3422 bus
284 3357 466 3441 stipendiis
493 3359 565 3422 suis
602 3358 750 3423 militare
784 3364 934 3439 quatuor
972 3359 1141 3439 erogavit.

190 3458 277 3523 Post
308 3458 381 3523 dies
419 3465 534 3522 autem
566 3477 695 3540 paucos
726 3457 966 3539 gravissimam
998 3457 1142 3522 incurrit

189 3557 440 3640 aegritudinem,
471 3577 549 3640 quae
583 3557 688 3640 vulgo
722 3555 880 3622 arroldia
909 3566 1064 3635 vocatur,
1096 3578 1140 3621 ex

223 3716 232 3749 ¹
249 3721 256 3747 ‘
269 3718 386 3768 admirali
396 3713 416 3767 τ’
434 3733 462 3768 οι·
474 3719 483 3746 ‘
494 3717 621 3767 admiralii
630 3717 653 3766 τ’
676 3717 718 3766 the
729 3716 828 3780 iringus
836 3717 932 3767 Franco
941 3718 1045 3780 molring
1057 3732 1104 3768 use
1115 3717 1144 3767 oi

190 3789 265 3838 infru.
676 3787 779 3849 petards
792 3787 842 3837 and
850 3789 1006 3850 mangonels.

222 3855 330 3908 ’These
336 3857 652 3920 montperilourrerpentr,
711 3878 815 3931 '‘cum
832 3895 877 3930 m
893 3882 1019 3932 picardus
1036 3881 1142 3931 didici„

187 3928 284 3990 though
305 3928 423 3977 'Iiivetue
442 3942 524 3978 seems
543 3932 569 3977 to
591 3926 651 3976 tulre
677 3947 739 4001 set.»
751 3952 790 4000 A,

186 3997 255 4047 them
275 3998 302 4045 iu
321 3997 364 4047 the
381 3997 465 4046 literni
485 4011 569 4059 sense,
583 4011 651 4046 were
712 3986 770 4085 ‘’‘s
793 3987 802 4050 ⁸.
822 4039 841 4086 fi
863 4033 877 4066 ,,
890 4032 946 4086 Μ

186 4067 310 4129 probably
326 4082 342 4116 a
360 4067 422 4116 kind
440 4067 470 4115 oi
490 4066 607 4116 lirework
626 4071 651 4115 to
768 4052 822 4086 ⁰¹¹⁸
842 4053 870 4098 ⁸’
951 4072 957 4087 ·

187 4137 220 4186 be
236 4136 334 4185 thrown
350 4137 385 4197 by
404 4137 551 4186 amachine
570 4150 599 4185 or
617 4136 649 4196 by
712 4133 722 4164 ⁵
738 4135 893 4183 ‘admiratos
901 4128 916 4192 ς’
929 4134 989 4181 Coti.
996 4132 1143 4192 Regred-

187 4206 265 4256 hund.
290 4206 650 4270 lnlru,adan.1192,wetind
678 4201 791 4265 mirals;'
809 4203 905 4252 Fn‘l’r.
