<?xml version="1.0" encoding="UTF-8"?>
<!DOCTYPE html PUBLIC "-//W3C//DTD XHTML 1.0 Transitional//EN"
    "http://www.w3.org/TR/xhtml1/DTD/xhtml1-transitional.dtd">
<html xmlns="http://www.w3.org/1999/xhtml" xml:lang="en" lang="en">
 <head>
  <title>
</title>
<meta http-equiv="Content-Type" content="text/html;charset=utf-8" />
  <meta name='ocr-system' content='tesseract 3.04.00' />
  <meta name='ocr-capabilities' content='ocr_page ocr_carea ocr_par ocr_line ocrx_word'/>
</head>
<body>
  <div class='ocr_page' id='page_1' title='image "./fnicholaitrivet00trivgoog/fnicholaitrivet00trivgoog_0058.png"; bbox 0 0 2940 4950; ppageno 0'>
   <div class='ocr_carea' id='block_1_1' title="bbox 573 462 1139 529">
    <p class='ocr_par' dir='ltr' id='par_1_1' title="bbox 573 462 1139 529">
     <span class='ocr_line' id='line_1_1' title="bbox 573 462 1139 529; baseline -0.004 0"><span class='ocrx_word' id='word_1_1' title='bbox 573 477 752 529; x_wconf 67' lang='lat' dir='ltr'><strong>surinus.</strong></span> <span class='ocrx_word' id='word_1_2' title='bbox 1092 462 1139 527; x_wconf 78' lang='lat'><strong>25</strong></span> 
     </span>
    </p>
   </div>
   <div class='ocr_carea' id='block_1_2' title="bbox 184 628 1286 2307">
    <p class='ocr_par' dir='ltr' id='par_1_2' title="bbox 184 628 1271 1198">
     <span class='ocr_line' id='line_1_2' title="bbox 186 628 1137 723; baseline -0.001 -23"><span class='ocrx_word' id='word_1_3' title='bbox 186 628 262 714; x_wconf 90' lang='lat' dir='ltr'><strong>Ibi,¹</strong></span> <span class='ocrx_word' id='word_1_4' title='bbox 291 634 436 720; x_wconf 89' lang='lat' dir='ltr'><strong>perfidia</strong></span> <span class='ocrx_word' id='word_1_5' title='bbox 461 636 679 723; x_wconf 89' lang='lat' dir='ltr'><strong>imperatoris</strong></span> <span class='ocrx_word' id='word_1_6' title='bbox 704 636 832 715; x_wconf 87' lang='lat' dir='ltr'><strong>Graeci,</strong></span> <span class='ocrx_word' id='word_1_7' title='bbox 856 634 1001 700; x_wconf 87' lang='lat' dir='ltr'><strong>duorum</strong></span> <span class='ocrx_word' id='word_1_8' title='bbox 1026 636 1137 700; x_wconf 89' lang='lat' dir='ltr'><strong>maxi·</strong></span> 
     </span>
     <span class='ocr_line' id='line_1_3' title="bbox 185 736 1137 821; baseline 0.002 -23"><span class='ocrx_word' id='word_1_9' title='bbox 185 755 318 799; x_wconf 88' lang='lat' dir='ltr'><strong>morum</strong></span> <span class='ocrx_word' id='word_1_10' title='bbox 347 738 562 802; x_wconf 83' lang='lat' dir='ltr'>exercituum</span> <span class='ocrx_word' id='word_1_11' title='bbox 590 745 689 821; x_wconf 92' lang='lat' dir='ltr'><strong>parte</strong></span> <span class='ocrx_word' id='word_1_12' title='bbox 720 738 824 818; x_wconf 80' lang='lat' dir='ltr'><strong>louge</strong></span> <span class='ocrx_word' id='word_1_13' title='bbox 849 736 971 820; x_wconf 89' lang='lat' dir='ltr'><strong>majori</strong></span> <span class='ocrx_word' id='word_1_14' title='bbox 1001 736 1137 800; x_wconf 79' lang='lat' dir='ltr'><strong>casibus</strong></span> 
     </span>
     <span class='ocr_line' id='line_1_4' title="bbox 184 835 1138 921; baseline 0 -22"><span class='ocrx_word' id='word_1_15' title='bbox 184 837 292 900; x_wconf 86' lang='lat' dir='ltr'><strong>variis</strong></span> <span class='ocrx_word' id='word_1_16' title='bbox 313 836 535 921; x_wconf 85' lang='lat' dir='ltr'><strong>cladibusque</strong></span> <span class='ocrx_word' id='word_1_17' title='bbox 561 837 757 920; x_wconf 80' lang='lat' dir='ltr'><strong>profligata,</strong></span> <span class='ocrx_word' id='word_1_18' title='bbox 778 843 974 919; x_wconf 82' lang='lat' dir='ltr'><strong>camparte</strong></span> <span class='ocrx_word' id='word_1_19' title='bbox 1000 835 1138 899; x_wconf 89' lang='lat' dir='ltr'><strong>residua</strong></span> 
     </span>
     <span class='ocr_line' id='line_1_5' title="bbox 185 935 1245 1020; baseline -0.006 -22"><span class='ocrx_word' id='word_1_20' title='bbox 185 935 254 999; x_wconf 80' lang='lat' dir='ltr'><strong>(luo</strong></span> <span class='ocrx_word' id='word_1_21' title='bbox 280 935 330 999; x_wconf 94' lang='lat' dir='ltr'><strong>illi</strong></span> <span class='ocrx_word' id='word_1_22' title='bbox 354 939 470 1018; x_wconf 81' lang='lat' dir='ltr'><strong>magni</strong></span> <span class='ocrx_word' id='word_1_23' title='bbox 498 937 671 1020; x_wconf 84' lang='lat' dir='ltr'><strong>principes</strong></span> <span class='ocrx_word' id='word_1_24' title='bbox 708 936 956 1019; x_wconf 81' lang='lat' dir='ltr'><strong>lerosolymam</strong></span> <span class='ocrx_word' id='word_1_25' title='bbox 983 953 1137 999; x_wconf 89' lang='lat' dir='ltr'><strong>accesse-</strong></span> <span class='ocrx_word' id='word_1_26' title='bbox 1151 952 1245 994; x_wconf 70' lang='lat' dir='ltr'><strong>non·</strong></span> 
     </span>
     <span class='ocr_line' id='line_1_6' title="bbox 186 1002 1271 1120; baseline 0.005 -24"><span class='ocrx_word' id='word_1_27' title='bbox 186 1041 280 1111; x_wconf 89' lang='lat' dir='ltr'><strong>runt,</strong></span> <span class='ocrx_word' id='word_1_28' title='bbox 304 1035 467 1120; x_wconf 92' lang='lat' dir='ltr'><strong>nullaque</strong></span> <span class='ocrx_word' id='word_1_29' title='bbox 493 1056 530 1100; x_wconf 92' lang='lat' dir='ltr'><strong>re</strong></span> <span class='ocrx_word' id='word_1_30' title='bbox 560 1037 773 1101; x_wconf 90' lang='lat' dir='ltr'><strong>memorabili</strong></span> <span class='ocrx_word' id='word_1_31' title='bbox 799 1035 846 1099; x_wconf 95' lang='lat' dir='ltr'><strong>ibi</strong></span> <span class='ocrx_word' id='word_1_32' title='bbox 869 1043 980 1116; x_wconf 82' lang='lat' dir='ltr'><strong>gesta·</strong></span> <span class='ocrx_word' id='word_1_33' title='bbox 997 1035 1137 1116; x_wconf 86' lang='lat' dir='ltr'><strong>inglorii</strong></span> <span class='ocrx_word' id='word_1_34' title='bbox 1150 1002 1271 1055; x_wconf 48' lang='lat' dir='ltr'><strong>&#39;mm&#39;</strong></span> 
     </span>
     <span class='ocr_line' id='line_1_7' title="bbox 185 1128 482 1198; baseline 0.013 -2"><span class='ocrx_word' id='word_1_35' title='bbox 185 1128 388 1198; x_wconf 89' lang='lat' dir='ltr'><strong>²redierunt.</strong></span> <span class='ocrx_word' id='word_1_36' title='bbox 478 1130 482 1137; x_wconf 77' lang='grc'><strong>’</strong></span> 
     </span>
    </p>

    <p class='ocr_par' dir='ltr' id='par_1_3' title="bbox 186 1232 1286 2307">
     <span class='ocr_line' id='line_1_8' title="bbox 238 1232 1256 1316; baseline 0.002 -20"><span class='ocrx_word' id='word_1_37' title='bbox 238 1232 377 1299; x_wconf 86' lang='lat' dir='ltr'><strong>interea</strong></span> <span class='ocrx_word' id='word_1_38' title='bbox 402 1233 533 1316; x_wconf 85' lang='lat' dir='ltr'><strong>Anglia</strong></span> <span class='ocrx_word' id='word_1_39' title='bbox 560 1236 733 1300; x_wconf 81' lang='lat' dir='ltr'><strong>intestinis</strong></span> <span class='ocrx_word' id='word_1_40' title='bbox 755 1234 855 1298; x_wconf 88' lang='lat' dir='ltr'><strong>malis</strong></span> <span class='ocrx_word' id='word_1_41' title='bbox 883 1236 1072 1316; x_wconf 78' lang='lat' dir='ltr'><strong>exsanguis</strong></span> <span class='ocrx_word' id='word_1_42' title='bbox 1103 1241 1138 1298; x_wconf 92' lang='lat' dir='ltr'><strong>et</strong></span> <span class='ocrx_word' id='word_1_43' title='bbox 1151 1257 1256 1299; x_wconf 65' lang='lat' dir='ltr'><strong>ruram·</strong></span> 
     </span>
     <span class='ocr_line' id='line_1_9' title="bbox 187 1307 1286 1418; baseline 0.003 -22"><span class='ocrx_word' id='word_1_44' title='bbox 187 1334 305 1398; x_wconf 90' lang='lat' dir='ltr'><strong>saucia</strong></span> <span class='ocrx_word' id='word_1_45' title='bbox 328 1336 539 1399; x_wconf 86' lang='lat' dir='ltr'><strong>tabescebat.</strong></span> <span class='ocrx_word' id='word_1_46' title='bbox 593 1335 639 1399; x_wconf 89' lang='lat' dir='ltr'><strong>Et</strong></span> <span class='ocrx_word' id='word_1_47' title='bbox 658 1335 769 1418; x_wconf 92' lang='lat' dir='ltr'><strong>primo</strong></span> <span class='ocrx_word' id='word_1_48' title='bbox 793 1334 928 1417; x_wconf 92' lang='lat' dir='ltr'><strong>quidem</strong></span> <span class='ocrx_word' id='word_1_49' title='bbox 956 1307 1286 1410; x_wconf 53' lang='lat' dir='ltr'><strong>urebaturililllm</strong></span> 
     </span>
     <span class='ocr_line' id='line_1_10' title="bbox 187 1433 1140 1516; baseline 0.001 -21"><span class='ocrx_word' id='word_1_50' title='bbox 187 1452 330 1514; x_wconf 83' lang='lat' dir='ltr'><strong>reguum</strong></span> <span class='ocrx_word' id='word_1_51' title='bbox 347 1435 383 1496; x_wconf 96' lang='lat' dir='ltr'><strong>in</strong></span> <span class='ocrx_word' id='word_1_52' title='bbox 401 1433 470 1498; x_wconf 92' lang='lat' dir='ltr'><strong>duo</strong></span> <span class='ocrx_word' id='word_1_53' title='bbox 492 1434 653 1512; x_wconf 89' lang='lat' dir='ltr'><strong>divisum,</strong></span> <span class='ocrx_word' id='word_1_54' title='bbox 672 1433 877 1516; x_wconf 89' lang='lat' dir='ltr'><strong>quibusdam</strong></span> <span class='ocrx_word' id='word_1_55' title='bbox 899 1433 985 1514; x_wconf 80' lang='lat' dir='ltr'><strong>regi,</strong></span> <span class='ocrx_word' id='word_1_56' title='bbox 1007 1439 1043 1497; x_wconf 91' lang='lat' dir='ltr'><strong>et</strong></span> <span class='ocrx_word' id='word_1_57' title='bbox 1064 1433 1140 1514; x_wconf 91' lang='lat' dir='ltr'><strong>qui·</strong></span> 
     </span>
     <span class='ocr_line' id='line_1_11' title="bbox 186 1532 1140 1618; baseline 0.001 -23"><span class='ocrx_word' id='word_1_58' title='bbox 186 1533 331 1596; x_wconf 89' lang='lat' dir='ltr'><strong>busdam</strong></span> <span class='ocrx_word' id='word_1_59' title='bbox 357 1533 567 1618; x_wconf 86' lang='lat' dir='ltr'><strong>imperatrici</strong></span> <span class='ocrx_word' id='word_1_60' title='bbox 595 1533 815 1611; x_wconf 82' lang='lat' dir='ltr'><strong>faventibus3</strong></span> <span class='ocrx_word' id='word_1_61' title='bbox 842 1532 933 1596; x_wconf 89' lang='lat' dir='ltr'><strong>inter</strong></span> <span class='ocrx_word' id='word_1_62' title='bbox 954 1539 1140 1616; x_wconf 89' lang='lat' dir='ltr'><strong>partesque</strong></span> 
     </span>
     <span class='ocr_line' id='line_1_12' title="bbox 187 1631 1138 1715; baseline 0 -21"><span class='ocrx_word' id='word_1_63' title='bbox 187 1631 246 1695; x_wconf 91' lang='lat' dir='ltr'><strong>diu</strong></span> <span class='ocrx_word' id='word_1_64' title='bbox 269 1632 485 1715; x_wconf 91' lang='lat' dir='ltr'><strong>multumque</strong></span> <span class='ocrx_word' id='word_1_65' title='bbox 502 1640 672 1697; x_wconf 91' lang='lat' dir='ltr'><strong>certatum</strong></span> <span class='ocrx_word' id='word_1_66' title='bbox 696 1640 750 1696; x_wconf 87' lang='lat' dir='ltr'><strong>est</strong></span> <span class='ocrx_word' id='word_1_67' title='bbox 775 1631 968 1695; x_wconf 88' lang='lat' dir='ltr'><strong>alternante</strong></span> <span class='ocrx_word' id='word_1_68' title='bbox 990 1631 1138 1695; x_wconf 86' lang='lat' dir='ltr'><strong>fortuna.</strong></span> 
     </span>
     <span class='ocr_line' id='line_1_13' title="bbox 189 1730 1139 1816; baseline -0.002 -22"><span class='ocrx_word' id='word_1_69' title='bbox 189 1730 358 1795; x_wconf 86' lang='lat' dir='ltr'><strong>Processu</strong></span> <span class='ocrx_word' id='word_1_70' title='bbox 384 1752 467 1796; x_wconf 85' lang='lat' dir='ltr'><strong>vero</strong></span> <span class='ocrx_word' id='word_1_71' title='bbox 497 1733 660 1816; x_wconf 90' lang='lat' dir='ltr'><strong>temporis</strong></span> <span class='ocrx_word' id='word_1_72' title='bbox 686 1730 915 1815; x_wconf 84' lang='lat' dir='ltr'><strong>provinciales</strong></span> <span class='ocrx_word' id='word_1_73' title='bbox 940 1730 1139 1794; x_wconf 88' lang='lat' dir='ltr'><strong>discordan-</strong></span> 
     </span>
     <span class='ocr_line' id='line_1_14' title="bbox 189 1826 1139 1913; baseline -0.001 -19"><span class='ocrx_word' id='word_1_74' title='bbox 189 1830 275 1894; x_wconf 88' lang='lat' dir='ltr'><strong>tium</strong></span> <span class='ocrx_word' id='word_1_75' title='bbox 302 1840 416 1896; x_wconf 88' lang='lat' dir='ltr'><strong>motus</strong></span> <span class='ocrx_word' id='word_1_76' title='bbox 438 1826 680 1898; x_wconf 79' lang='lat' dir='ltr'><strong>³distribuere:</strong></span> <span class='ocrx_word' id='word_1_77' title='bbox 705 1830 849 1895; x_wconf 88' lang='lat' dir='ltr'><strong>castella</strong></span> <span class='ocrx_word' id='word_1_78' title='bbox 872 1830 1000 1913; x_wconf 91' lang='lat' dir='ltr'><strong>quippe</strong></span> <span class='ocrx_word' id='word_1_79' title='bbox 1023 1828 1139 1894; x_wconf 89' lang='lat' dir='ltr'><strong>studio</strong></span> 
     </span>
     <span class='ocr_line' id='line_1_15' title="bbox 186 1931 1139 2015; baseline -0.001 -21"><span class='ocrx_word' id='word_1_80' title='bbox 186 1931 336 2012; x_wconf 91' lang='lat' dir='ltr'><strong>partium</strong></span> <span class='ocrx_word' id='word_1_81' title='bbox 354 1952 414 2014; x_wconf 91' lang='lat' dir='ltr'><strong>per</strong></span> <span class='ocrx_word' id='word_1_82' title='bbox 432 1932 588 2014; x_wconf 80' lang='lat' dir='ltr'><strong>singulas</strong></span> <span class='ocrx_word' id='word_1_83' title='bbox 610 1932 806 2015; x_wconf 87' lang='lat' dir='ltr'><strong>provincias</strong></span> <span class='ocrx_word' id='word_1_84' title='bbox 824 1936 1048 1994; x_wconf 86' lang='lat' dir='ltr'><strong>surrexerant</strong></span> <span class='ocrx_word' id='word_1_85' title='bbox 1064 1949 1139 1993; x_wconf 89' lang='lat' dir='ltr'><strong>cre·</strong></span> 
     </span>
     <span class='ocr_line' id='line_1_16' title="bbox 188 2029 1139 2113; baseline 0.002 -22"><span class='ocrx_word' id='word_1_86' title='bbox 188 2029 271 2108; x_wconf 89' lang='lat' dir='ltr'><strong>bra;</strong></span> <span class='ocrx_word' id='word_1_87' title='bbox 295 2038 462 2113; x_wconf 91' lang='lat' dir='ltr'><strong>erantque</strong></span> <span class='ocrx_word' id='word_1_88' title='bbox 484 2033 519 2093; x_wconf 94' lang='lat' dir='ltr'><strong>in</strong></span> <span class='ocrx_word' id='word_1_89' title='bbox 537 2030 667 2112; x_wconf 83' lang='lat' dir='ltr'><strong>Anglia</strong></span> <span class='ocrx_word' id='word_1_90' title='bbox 687 2037 741 2094; x_wconf 87' lang='lat' dir='ltr'><strong>tot</strong></span> <span class='ocrx_word' id='word_1_91' title='bbox 755 2029 1009 2111; x_wconf 90' lang='lat' dir='ltr'><strong>quodammodo</strong></span> <span class='ocrx_word' id='word_1_92' title='bbox 1027 2049 1139 2110; x_wconf 86' lang='lat' dir='ltr'><strong>reges,</strong></span> 
     </span>
     <span class='ocr_line' id='line_1_17' title="bbox 190 2126 1138 2211; baseline 0.002 -21"><span class='ocrx_word' id='word_1_93' title='bbox 190 2126 245 2190; x_wconf 87' lang='lat' dir='ltr'><strong>vel</strong></span> <span class='ocrx_word' id='word_1_94' title='bbox 266 2129 383 2207; x_wconf 90' lang='lat' dir='ltr'><strong>potius</strong></span> <span class='ocrx_word' id='word_1_95' title='bbox 408 2130 559 2209; x_wconf 83' lang='lat' dir='ltr'><strong>tyranni,</strong></span> <span class='ocrx_word' id='word_1_96' title='bbox 581 2136 667 2211; x_wconf 87' lang='lat' dir='ltr'><strong>quot</strong></span> <span class='ocrx_word' id='word_1_97' title='bbox 688 2128 908 2193; x_wconf 86' lang='lat' dir='ltr'><strong>castellorum</strong></span> <span class='ocrx_word' id='word_1_98' title='bbox 921 2128 1062 2204; x_wconf 90' lang='lat' dir='ltr'><strong>domini,</strong></span> <span class='ocrx_word' id='word_1_99' title='bbox 1080 2128 1138 2192; x_wconf 67' lang='lat' dir='ltr'><strong>har</strong></span> 
     </span>
     <span class='ocr_line' id='line_1_18' title="bbox 189 2226 1140 2307; baseline 0 -17"><span class='ocrx_word' id='word_1_100' title='bbox 189 2227 310 2290; x_wconf 88' lang='lat' dir='ltr'><strong>bentes</strong></span> <span class='ocrx_word' id='word_1_101' title='bbox 333 2226 461 2306; x_wconf 81' lang='lat' dir='ltr'><strong>singuli</strong></span> <span class='ocrx_word' id='word_1_102' title='bbox 488 2245 729 2307; x_wconf 87' lang='lat' dir='ltr'><strong>percussuram</strong></span> <span class='ocrx_word' id='word_1_103' title='bbox 752 2227 882 2307; x_wconf 89' lang='lat' dir='ltr'><strong>proprii</strong></span> <span class='ocrx_word' id='word_1_104' title='bbox 912 2228 1140 2302; x_wconf 86' lang='lat' dir='ltr'><strong>numismatis,</strong></span> 
     </span>
    </p>
   </div>
   <div class='ocr_carea' id='block_1_3' title="bbox 190 2324 1089 2408">
    <p class='ocr_par' dir='ltr' id='par_1_4' title="bbox 190 2324 1089 2408">
     <span class='ocr_line' id='line_1_19' title="bbox 190 2324 1089 2408; baseline 0 -20"><span class='ocrx_word' id='word_1_105' title='bbox 190 2333 225 2389; x_wconf 88' lang='lat' dir='ltr'><strong>et</strong></span> <span class='ocrx_word' id='word_1_106' title='bbox 240 2332 449 2407; x_wconf 89' lang='lat' dir='ltr'><strong>potestatem</strong></span> <span class='ocrx_word' id='word_1_107' title='bbox 464 2324 599 2389; x_wconf 90' lang='lat' dir='ltr'><strong>dicendi</strong></span> <span class='ocrx_word' id='word_1_108' title='bbox 616 2324 763 2389; x_wconf 90' lang='lat' dir='ltr'><strong>subditis</strong></span> <span class='ocrx_word' id='word_1_109' title='bbox 780 2324 877 2405; x_wconf 78' lang='lat' dir='ltr'><strong>regio</strong></span> <span class='ocrx_word' id='word_1_110' title='bbox 891 2343 986 2388; x_wconf 91' lang='lat' dir='ltr'><strong>more</strong></span> <span class='ocrx_word' id='word_1_111' title='bbox 996 2324 1089 2408; x_wconf 89' lang='lat' dir='ltr'><strong>jura.</strong></span> 
     </span>
    </p>
   </div>
   <div class='ocr_carea' id='block_1_4' title="bbox 243 2827 1273 2935">
    <p class='ocr_par' dir='ltr' id='par_1_5' title="bbox 243 2827 1273 2935">
     <span class='ocr_line' id='line_1_20' title="bbox 243 2827 1273 2935; baseline -0.009 -42"><span class='ocrx_word' id='word_1_112' title='bbox 243 2830 437 2895; x_wconf 78' lang='lat' dir='ltr'><strong>Euonurus</strong></span> <span class='ocrx_word' id='word_1_113' title='bbox 461 2848 553 2912; x_wconf 91' lang='lat' dir='ltr'><strong>papa</strong></span> <span class='ocrx_word' id='word_1_114' title='bbox 576 2828 696 2893; x_wconf 89' lang='lat' dir='ltr'><strong>Remis</strong></span> <span class='ocrx_word' id='word_1_115' title='bbox 720 2828 903 2892; x_wconf 91' lang='lat' dir='ltr'><strong>concilium</strong></span> <span class='ocrx_word' id='word_1_116' title='bbox 933 2827 1140 2907; x_wconf 82' lang='lat' dir='ltr'><strong>celebravit3</strong></span> <span class='ocrx_word' id='word_1_117' title='bbox 1155 2842 1273 2935; x_wconf 55' lang='lat' dir='ltr'><strong>{fflffl</strong></span> 
     </span>
    </p>
   </div>
   <div class='ocr_carea' id='block_1_5' title="bbox 192 2927 1143 3503">
    <p class='ocr_par' dir='ltr' id='par_1_6' title="bbox 192 2927 1143 3503">
     <span class='ocr_line' id='line_1_21' title="bbox 192 2927 1143 3011; baseline -0.003 -18"><span class='ocrx_word' id='word_1_118' title='bbox 192 2930 229 2993; x_wconf 91' lang='lat' dir='ltr'><strong>in</strong></span> <span class='ocrx_word' id='word_1_119' title='bbox 252 2950 322 3011; x_wconf 91' lang='lat' dir='ltr'><strong>quo</strong></span> <span class='ocrx_word' id='word_1_120' title='bbox 348 2929 527 2994; x_wconf 88' lang='lat' dir='ltr'><strong>Gilbertus</strong></span> <span class='ocrx_word' id='word_1_121' title='bbox 549 2927 774 3005; x_wconf 90' lang='lat' dir='ltr'><strong>Porretanus,</strong></span> <span class='ocrx_word' id='word_1_122' title='bbox 799 2947 861 3010; x_wconf 93' lang='lat' dir='ltr'><strong>per</strong></span> <span class='ocrx_word' id='word_1_123' title='bbox 880 2927 1040 2992; x_wconf 91' lang='lat' dir='ltr'><strong>abbatem</strong></span> <span class='ocrx_word' id='word_1_124' title='bbox 1057 2929 1143 2992; x_wconf 89' lang='lat' dir='ltr'><strong>Ber-</strong></span> 
     </span>
     <span class='ocr_line' id='line_1_22' title="bbox 194 3025 1143 3104; baseline -0.002 -12"><span class='ocrx_word' id='word_1_125' title='bbox 194 3029 337 3093; x_wconf 91' lang='lat' dir='ltr'><strong>nardum</strong></span> <span class='ocrx_word' id='word_1_126' title='bbox 358 3029 401 3093; x_wconf 90' lang='lat' dir='ltr'><strong>de</strong></span> <span class='ocrx_word' id='word_1_127' title='bbox 421 3025 578 3092; x_wconf 89' lang='lat' dir='ltr'><strong>doctriua</strong></span> <span class='ocrx_word' id='word_1_128' title='bbox 594 3028 773 3092; x_wconf 88' lang='lat' dir='ltr'><strong>convictus</strong></span> <span class='ocrx_word' id='word_1_129' title='bbox 790 3028 904 3091; x_wconf 90' lang='lat' dir='ltr'><strong>miuus</strong></span> <span class='ocrx_word' id='word_1_130' title='bbox 921 3046 1018 3104; x_wconf 88' lang='lat' dir='ltr'><strong>sana,</strong></span> <span class='ocrx_word' id='word_1_131' title='bbox 1042 3046 1143 3090; x_wconf 88' lang='lat' dir='ltr'><strong>suurn</strong></span> 
     </span>
     <span class='ocr_line' id='line_1_23' title="bbox 193 3120 1143 3205; baseline 0 -15"><span class='ocrx_word' id='word_1_132' title='bbox 193 3129 371 3193; x_wconf 88' lang='lat' dir='ltr'><strong>revocavit</strong></span> <span class='ocrx_word' id='word_1_133' title='bbox 407 3120 582 3191; x_wconf 86' lang='lat' dir='ltr'><strong>errorem.⁴</strong></span> <span class='ocrx_word' id='word_1_134' title='bbox 652 3124 837 3205; x_wconf 89' lang='lat' dir='ltr'><strong>Heuricus,</strong></span> <span class='ocrx_word' id='word_1_135' title='bbox 877 3126 969 3189; x_wconf 90' lang='lat' dir='ltr'><strong>filius</strong></span> <span class='ocrx_word' id='word_1_136' title='bbox 1007 3127 1143 3191; x_wconf 89' lang='lat' dir='ltr'><strong>comitis</strong></span> 
     </span>
     <span class='ocr_line' id='line_1_24' title="bbox 194 3220 1142 3308; baseline 0 -18"><span class='ocrx_word' id='word_1_137' title='bbox 194 3225 468 3308; x_wconf 85' lang='lat' dir='ltr'><strong>Audegavensis,</strong></span> <span class='ocrx_word' id='word_1_138' title='bbox 495 3220 679 3289; x_wconf 81' lang='lat' dir='ltr'><strong>⁵suadeute</strong></span> <span class='ocrx_word' id='word_1_139' title='bbox 706 3232 817 3289; x_wconf 90' lang='lat' dir='ltr'><strong>matre</strong></span> <span class='ocrx_word' id='word_1_140' title='bbox 846 3225 1075 3307; x_wconf 88' lang='lat' dir='ltr'><strong>imperatrice,</strong></span> <span class='ocrx_word' id='word_1_141' title='bbox 1099 3227 1142 3290; x_wconf 88' lang='lat' dir='ltr'><strong>ad</strong></span> 
     </span>
     <span class='ocr_line' id='line_1_25' title="bbox 193 3323 1142 3407; baseline 0.001 -19"><span class='ocrx_word' id='word_1_142' title='bbox 193 3345 306 3407; x_wconf 83' lang='lat' dir='ltr'><strong>regem</strong></span> <span class='ocrx_word' id='word_1_143' title='bbox 332 3325 513 3389; x_wconf 87' lang='lat' dir='ltr'><strong>Scotorum</strong></span> <span class='ocrx_word' id='word_1_144' title='bbox 533 3324 648 3389; x_wconf 89' lang='lat' dir='ltr'><strong>David</strong></span> <span class='ocrx_word' id='word_1_145' title='bbox 672 3323 880 3386; x_wconf 89' lang='lat' dir='ltr'><strong>avunculum</strong></span> <span class='ocrx_word' id='word_1_146' title='bbox 900 3343 1001 3386; x_wconf 90' lang='lat' dir='ltr'><strong>suum</strong></span> <span class='ocrx_word' id='word_1_147' title='bbox 1018 3325 1142 3389; x_wconf 89' lang='lat' dir='ltr'><strong>missus</strong></span> 
     </span>
     <span class='ocr_line' id='line_1_26' title="bbox 193 3421 1143 3503; baseline -0.001 -14"><span class='ocrx_word' id='word_1_148' title='bbox 193 3424 399 3489; x_wconf 87' lang='lat' dir='ltr'><strong>militaribus</strong></span> <span class='ocrx_word' id='word_1_149' title='bbox 426 3423 461 3486; x_wconf 92' lang='lat' dir='ltr'><strong>iu</strong></span> <span class='ocrx_word' id='word_1_150' title='bbox 487 3424 570 3487; x_wconf 92' lang='lat' dir='ltr'><strong>urbe</strong></span> <span class='ocrx_word' id='word_1_151' title='bbox 593 3421 744 3486; x_wconf 88' lang='lat' dir='ltr'><strong>Carleoli</strong></span> <span class='ocrx_word' id='word_1_152' title='bbox 773 3421 877 3484; x_wconf 91' lang='lat' dir='ltr'><strong>armis</strong></span> <span class='ocrx_word' id='word_1_153' title='bbox 893 3421 1084 3503; x_wconf 85' lang='lat' dir='ltr'><strong>accingitur</strong></span> <span class='ocrx_word' id='word_1_154' title='bbox 1099 3425 1143 3488; x_wconf 90' lang='lat' dir='ltr'><strong>ab</strong></span> 
     </span>
    </p>
   </div>
   <div class='ocr_carea' id='block_1_6' title="bbox 193 3525 324 3589">
    <p class='ocr_par' dir='ltr' id='par_1_7' title="bbox 193 3525 324 3589">
     <span class='ocr_line' id='line_1_27' title="bbox 193 3525 324 3589; baseline -0.008 0"><span class='ocrx_word' id='word_1_155' title='bbox 193 3525 324 3589; x_wconf 90' lang='lat' dir='ltr'><strong>eodem.</strong></span> 
     </span>
    </p>
   </div>
   <div class='ocr_carea' id='block_1_7' title="bbox 196 3713 1145 3916">
    <p class='ocr_par' dir='ltr' id='par_1_8' title="bbox 196 3713 1145 3916">
     <span class='ocr_line' id='line_1_28' title="bbox 231 3713 1143 3780; baseline -0.003 -12"><span class='ocrx_word' id='word_1_156' title='bbox 231 3716 357 3770; x_wconf 83' lang='lat' dir='ltr'><strong>¹‘Graeci</strong></span> <span class='ocrx_word' id='word_1_157' title='bbox 375 3718 533 3780; x_wconf 84' lang='lat' dir='ltr'><strong>imperatoris</strong></span> <span class='ocrx_word' id='word_1_158' title='bbox 555 3716 656 3778; x_wconf 86' lang='lat' dir='ltr'><strong>pertidi-</strong></span> <span class='ocrx_word' id='word_1_159' title='bbox 680 3713 740 3762; x_wconf 92' lang='lat' dir='ltr'><strong>cilio</strong></span> <span class='ocrx_word' id='word_1_160' title='bbox 764 3713 890 3763; x_wconf 88' lang='lat' dir='ltr'><strong>celebrato</strong></span> <span class='ocrx_word' id='word_1_161' title='bbox 913 3728 981 3775; x_wconf 89' lang='lat' dir='ltr'><strong>papa</strong></span> <span class='ocrx_word' id='word_1_162' title='bbox 1003 3713 1036 3763; x_wconf 88' lang='lat' dir='ltr'><strong>ad</strong></span> <span class='ocrx_word' id='word_1_163' title='bbox 1056 3717 1143 3765; x_wconf 86' lang='lat' dir='ltr'><strong>urbem</strong></span> 
     </span>
     <span class='ocr_line' id='line_1_29' title="bbox 196 3779 1144 3850; baseline -0.005 -11"><span class='ocrx_word' id='word_1_164' title='bbox 196 3805 235 3839; x_wconf 90' lang='lat' dir='ltr'><strong>am</strong></span> <span class='ocrx_word' id='word_1_165' title='bbox 247 3794 307 3839; x_wconf 89' lang='lat' dir='ltr'><strong>suut</strong></span> <span class='ocrx_word' id='word_1_166' title='bbox 317 3789 415 3850; x_wconf 87' lang='lat' dir='ltr'><strong>experti</strong></span> <span class='ocrx_word' id='word_1_167' title='bbox 423 3783 440 3849; x_wconf 72' lang='grc' dir='ltr'><strong>ς’</strong></span> <span class='ocrx_word' id='word_1_168' title='bbox 450 3788 499 3838; x_wconf 75' lang='lat' dir='ltr'><strong>Ar.</strong></span> <span class='ocrx_word' id='word_1_169' title='bbox 680 3779 830 3832; x_wconf 70' lang='lat' dir='ltr'><strong>revertitur.⁸</strong></span> <span class='ocrx_word' id='word_1_170' title='bbox 868 3784 1004 3844; x_wconf 82' lang='lat' dir='ltr'><strong>However,</strong></span> <span class='ocrx_word' id='word_1_171' title='bbox 1021 3785 1042 3832; x_wconf 90' lang='lat' dir='ltr'><strong>it</strong></span> <span class='ocrx_word' id='word_1_172' title='bbox 1057 3786 1144 3834; x_wconf 86' lang='lat' dir='ltr'><strong>would</strong></span> 
     </span>
     <span class='ocr_line' id='line_1_30' title="bbox 681 3853 1145 3916; baseline 0.002 -14"><span class='ocrx_word' id='word_1_173' title='bbox 681 3868 777 3916; x_wconf 86' lang='lat' dir='ltr'><strong>appear</strong></span> <span class='ocrx_word' id='word_1_174' title='bbox 788 3853 842 3902; x_wconf 90' lang='lat' dir='ltr'><strong>that</strong></span> <span class='ocrx_word' id='word_1_175' title='bbox 853 3854 986 3916; x_wconf 75' lang='lat' dir='ltr'><strong>Eugenius</strong></span> <span class='ocrx_word' id='word_1_176' title='bbox 996 3853 1042 3902; x_wconf 86' lang='lat' dir='ltr'><strong>did</strong></span> <span class='ocrx_word' id='word_1_177' title='bbox 1052 3859 1095 3903; x_wconf 93' lang='lat' dir='ltr'><strong>not</strong></span> <span class='ocrx_word' id='word_1_178' title='bbox 1105 3869 1145 3903; x_wconf 91' lang='lat' dir='ltr'><strong>re-</strong></span> 
     </span>
    </p>
   </div>
   <div class='ocr_carea' id='block_1_8' title="bbox 681 3923 1145 3985">
    <p class='ocr_par' dir='ltr' id='par_1_9' title="bbox 681 3923 1145 3985">
     <span class='ocr_line' id='line_1_31' title="bbox 681 3923 1145 3985; baseline 0.002 -13"><span class='ocrx_word' id='word_1_179' title='bbox 681 3929 739 3972; x_wconf 89' lang='lat' dir='ltr'><strong>turn</strong></span> <span class='ocrx_word' id='word_1_180' title='bbox 766 3928 792 3972; x_wconf 87' lang='lat' dir='ltr'><strong>tc</strong></span> <span class='ocrx_word' id='word_1_181' title='bbox 816 3923 895 3972; x_wconf 84' lang='lat' dir='ltr'><strong>Rome</strong></span> <span class='ocrx_word' id='word_1_182' title='bbox 916 3923 956 3972; x_wconf 84' lang='lat' dir='ltr'><strong>ior</strong></span> <span class='ocrx_word' id='word_1_183' title='bbox 977 3924 1047 3973; x_wconf 86' lang='lat' dir='ltr'><strong>three</strong></span> <span class='ocrx_word' id='word_1_184' title='bbox 1070 3938 1145 3985; x_wconf 81' lang='lat' dir='ltr'><strong>years</strong></span> 
     </span>
    </p>
   </div>
   <div class='ocr_carea' id='block_1_9' title="bbox 195 3970 1144 4112">
    <p class='ocr_par' dir='ltr' id='par_1_10' title="bbox 195 3970 1144 4112">
     <span class='ocr_line' id='line_1_32' title="bbox 195 3970 1144 4112; baseline -0.001 -69"><span class='ocrx_word' id='word_1_185' title='bbox 195 3975 380 4096; x_wconf 45' lang='lat' dir='ltr'><strong>“Zmil“</strong></span> <span class='ocrx_word' id='word_1_186' title='bbox 401 3970 600 4038; x_wconf 62' lang='lat' dir='ltr'><strong>Pemmfumi</strong></span> <span class='ocrx_word' id='word_1_187' title='bbox 616 3977 655 4027; x_wconf 79' lang='lat' dir='ltr'><strong>M·</strong></span> <span class='ocrx_word' id='word_1_188' title='bbox 680 3994 753 4112; x_wconf 59' lang='lat' dir='ltr'><strong>llaltpp</strong></span> <span class='ocrx_word' id='word_1_189' title='bbox 790 3994 837 4042; x_wconf 84' lang='lat' dir='ltr'><strong>See</strong></span> <span class='ocrx_word' id='word_1_190' title='bbox 857 3993 932 4057; x_wconf 81' lang='lat' dir='ltr'><strong>infra,</strong></span> <span class='ocrx_word' id='word_1_191' title='bbox 947 3993 980 4043; x_wconf 89' lang='lat' dir='ltr'><strong>ad</strong></span> <span class='ocrx_word' id='word_1_192' title='bbox 996 4008 1055 4043; x_wconf 85' lang='lat' dir='ltr'><strong>anu.</strong></span> <span class='ocrx_word' id='word_1_193' title='bbox 1071 3997 1144 4042; x_wconf 77' lang='lat'>1149.</span> 
     </span>
    </p>
   </div>
   <div class='ocr_carea' id='block_1_10' title="bbox 228 4127 1084 4194">
    <p class='ocr_par' dir='ltr' id='par_1_11' title="bbox 228 4127 1084 4194">
     <span class='ocr_line' id='line_1_33' title="bbox 228 4127 1084 4194; baseline -0.002 -14"><span class='ocrx_word' id='word_1_194' title='bbox 228 4129 238 4161; x_wconf 90' lang='lat'><strong>⁴</strong></span> <span class='ocrx_word' id='word_1_195' title='bbox 256 4132 325 4180; x_wconf 85' lang='lat' dir='ltr'><strong>Here</strong></span> <span class='ocrx_word' id='word_1_196' title='bbox 337 4131 376 4182; x_wconf 82' lang='lat' dir='ltr'><strong>M.</strong></span> <span class='ocrx_word' id='word_1_197' title='bbox 386 4130 436 4180; x_wconf 89' lang='lat' dir='ltr'><strong>and</strong></span> <span class='ocrx_word' id='word_1_198' title='bbox 444 4129 492 4180; x_wconf 76' lang='lat' dir='ltr'><strong>Ar.</strong></span> <span class='ocrx_word' id='word_1_199' title='bbox 503 4129 564 4194; x_wconf 80' lang='lat' dir='ltr'><strong>rud,</strong></span> <span class='ocrx_word' id='word_1_200' title='bbox 575 4130 657 4181; x_wconf 77' lang='lat' dir='ltr'><strong>‘Com</strong></span> <span class='ocrx_word' id='word_1_201' title='bbox 718 4131 729 4161; x_wconf 84' lang='lat'>⁸</span> <span class='ocrx_word' id='word_1_202' title='bbox 745 4137 913 4194; x_wconf 74' lang='lat' dir='ltr'><strong>‘suggerente</strong></span> <span class='ocrx_word' id='word_1_203' title='bbox 923 4127 937 4191; x_wconf 70' lang='grc' dir='ltr'><strong>ς’</strong></span> <span class='ocrx_word' id='word_1_204' title='bbox 950 4132 990 4182; x_wconf 87' lang='grc' dir='ltr'><strong>Μ.</strong></span> <span class='ocrx_word' id='word_1_205' title='bbox 1000 4133 1026 4178; x_wconf 85' lang='lat' dir='ltr'><strong>et</strong></span> <span class='ocrx_word' id='word_1_206' title='bbox 1036 4128 1084 4179; x_wconf 77' lang='lat' dir='ltr'><strong>Ar.</strong></span> 
     </span>
    </p>
   </div>
   <div class='ocr_carea' id='block_1_11' title="bbox 227 3877 597 3943">
    <p class='ocr_par' dir='ltr' id='par_1_12' title="bbox 227 3877 597 3943">
     <span class='ocr_line' id='line_1_34' title="bbox 227 3877 597 3943; baseline -0.003 -11"><span class='ocrx_word' id='word_1_207' title='bbox 227 3881 237 3912; x_wconf 82' lang='lat'>²</span> <span class='ocrx_word' id='word_1_208' title='bbox 254 3884 428 3932; x_wconf 83' lang='lat' dir='ltr'><strong>‘recesserunt</strong></span> <span class='ocrx_word' id='word_1_209' title='bbox 437 3877 452 3943; x_wconf 74' lang='grc' dir='ltr'><strong>ς’</strong></span> <span class='ocrx_word' id='word_1_210' title='bbox 464 3882 502 3931; x_wconf 87' lang='grc' dir='ltr'><strong>Μ.</strong></span> <span class='ocrx_word' id='word_1_211' title='bbox 514 3885 539 3930; x_wconf 80' lang='lat' dir='ltr'><strong>et</strong></span> <span class='ocrx_word' id='word_1_212' title='bbox 549 3880 597 3931; x_wconf 76' lang='lat' dir='ltr'><strong>Ar.</strong></span> 
     </span>
    </p>
   </div>
   <div class='ocr_carea' id='block_1_12' title="bbox 0 0 1485 4950">
    <p class='ocr_par' dir='ltr' id='par_1_13' title="bbox 0 0 1485 4950">
     <span class='ocr_line' id='line_1_35' title="bbox 0 0 1485 4950; baseline 0 0"><span class='ocrx_word' id='word_1_213' title='bbox 0 0 1485 4950; x_wconf 95' lang='lat' dir='ltr'><strong> </strong></span> 
     </span>
    </p>
   </div>
  </div>
 </body>
</html>
