2940 4950
578 472 758 525 annaeus.
1079 462 1145 527 25⁷

185 631 270 697 dnm
289 640 417 710 essent,
437 632 650 717 seripserunt
668 636 699 699 ei
723 637 869 700 barones
888 634 1022 700 litteras
1041 634 1145 719 hujus

191 732 360 813 tenerier]

238 830 564 897 ‘Excellentissimo
595 831 735 898 domino
770 853 834 898 suo
870 833 1025 898 Henrico
1073 834 1142 897 Dur
1157 852 1292 893 menan·

186 932 303 1015 gratia
334 930 461 995 illustri
495 932 568 1014 regi
599 930 749 1013 Angliar„
777 934 918 997 domino
950 933 1142 1011 Hiberniae,
1156 903 1294 1004 {affiatu

187 1031 269 1095 duci
295 1029 507 1114 Aquitaniae,
528 1032 675 1095 barones
702 1032 821 1096 etalii
850 1032 967 1096 fideles
994 1034 1060 1110 sui,
1086 1053 1142 1098 sa·

186 1139 401 1195 crumentum
424 1138 460 1194 et
479 1129 678 1195 fidelitatem
705 1131 784 1194 Duo
809 1139 845 1195 et
867 1132 933 1194 sibi
958 1133 1142 1196 observare

187 1230 358 1306 volentes,
377 1228 527 1294 salutem
547 1238 584 1294 et
606 1231 760 1294 debitum
779 1250 857 1295 cum
882 1231 1012 1295 honore
1034 1231 1142 1295 famu-

187 1329 311 1394 latum.
378 1328 467 1394 Cum
500 1348 563 1411 per
593 1329 694 1411 plura
727 1331 966 1413 experimenta
999 1329 1143 1414 liqueat,

188 1428 283 1511 quod
310 1428 450 1512 quidam
478 1429 578 1492 vobis
606 1430 807 1494 assistentes
836 1429 945 1493 multa
973 1430 1015 1492 de
1045 1431 1144 1495 nobis

189 1527 369 1593 mendacia
420 1527 647 1592 dominationi
699 1536 824 1593 vestrae
878 1522 1145 1610 ¹suggesserint,

190 1627 285 1692 mala
300 1635 432 1710 quanta
448 1637 594 1710 possunt
611 1647 678 1691 non
700 1629 811 1692 solum
832 1629 944 1705 nobis,
958 1627 1018 1691 sed
1039 1629 1144 1692 etiam

189 1726 290 1792 vobis
311 1735 347 1791 et
372 1726 436 1792 toti
458 1746 564 1809 regno
588 1736 705 1791 vestro
724 1727 943 1791 intentantes.
997 1727 1146 1792 Noverit

190 1825 398 1891 excellentia
427 1834 557 1903 vestra,
587 1826 677 1908 quod
711 1826 858 1890 salutem
893 1836 929 1890 et
961 1828 1144 1891 sanitatem

190 1924 347 2009 corporis
365 1925 472 1991 vestri
492 1926 575 1990 totis
597 1927 738 2003 viribus,
757 1934 793 1990 et
817 1926 1018 1990 fidelitatem
1048 1928 1145 1991 vobis

190 2024 343 2089 debitam
358 2024 520 2089 volumus
543 2026 739 2105 observare,
762 2025 918 2089 inimicos
938 2045 1007 2089 nou
1032 2025 1145 2090 solum

190 2132 339 2202 vestros,
356 2123 416 2189 sed
438 2124 544 2211 etiam
566 2132 703 2189 nostros
721 2133 757 2189 et
775 2126 882 2189 totius
905 2125 1002 2206 regni
1028 2127 1145 2200 vestri,

185 2223 295 2308 juxta
317 2242 419 2307 posse
442 2242 590 2305 gravare
609 2232 862 2307 proponentes:
887 2222 955 2287 illis
979 2224 1008 2287 si
1032 2224 1147 2306 placet

191 2321 401 2407 supradictis
439 2342 507 2386 non
549 2323 708 2387 credatis.
783 2322 859 2388 Nos
897 2323 986 2386 enim
1028 2322 1146 2387 fideles

191 2422 300 2488 vestri
331 2441 467 2505 semper
501 2422 735 2501 inveniemur3
767 2431 802 2487 et
827 2442 890 2486 nos
919 2441 1033 2486 comes
1067 2422 1145 2486 Lei-

189 2522 327 2587 oestrire
356 2528 393 2586 et
418 2514 635 2585 ²Gilebertus
664 2522 708 2586 de
734 2521 848 2600 Clare,
871 2522 914 2586 ad
944 2521 1144 2604 petitionem

191 2622 351 2697 aliorum,
378 2638 443 2705 pro
461 2620 559 2684 nobis
582 2628 617 2685 et
641 2621 726 2704 ipsis
748 2615 866 2705 ³signa
892 2628 1012 2686 nostra
1037 2640 1146 2704 appo·

188 2740 433 2902 ⁸”llllldlsnaripsit
474 2826 591 2884 autem
638 2820 689 2884 eis
725 2840 787 2884 rex
830 2819 966 2886 litteras
1008 2822 1044 2885 iu
1081 2820 1147 2885 hac

192 2918 442 3083 forgnliilenrious
474 3017 545 3081 Dul
577 3017 693 3098 gratia
720 3038 782 3082 rex
807 3017 957 3102 Angliae‚
988 3019 1146 3084 dominus
1160 3041 1268 3092 anan,

193 3116 386 3195 Hiberniae,
415 3116 486 3180 dux
520 3116 735 3198 Aquitaniae,
764 3117 907 3201 Symoni
935 3119 978 3183 de
1011 3119 1147 3183 Monte-
1159 3093 1307 3132 ”um

194 3214 290 3294 forti,
322 3215 501 3281 Gileberto
532 3215 575 3279 de
601 3215 715 3290 Clare,
748 3225 784 3281 et
823 3237 941 3281 eorum
971 3218 1146 3300 complici·

190 3316 271 3383 bus.
317 3314 405 3381 Cum
429 3334 490 3398 per
511 3334 671 3397 guerram
695 3323 730 3380 et
755 3309 1065 3399 *perturbationem
1089 3337 1147 3398 ge·

191 3415 345 3481 neralem
369 3416 406 3479 in
431 3434 537 3496 reguo
563 3424 683 3479 nostro
701 3415 775 3498 jam
800 3435 948 3497 parvos
973 3416 1147 3493 subortas,

194 3534 329 3579 necnon
359 3513 518 3578 incendia
551 3521 587 3577 et
609 3509 753 3578 ⁶damna
779 3515 934 3578 enormia
973 3513 1053 3590 alia,
1085 3533 1148 3597 ap-

193 3622 317 3699 pareat
341 3612 521 3677 manii'este
543 3612 635 3696 quod
660 3613 859 3677 fidelitatem
882 3622 1029 3678 vestram
1049 3614 1147 3678 nobis

194 3732 264 3778 nou
280 3707 505 3788 ‘observatis
527 3731 589 3775 nec
611 3711 653 3775 de
670 3714 855 3777 securitate
872 3714 1024 3796 corporis
1040 3714 1149 3779 nostri

192 3814 229 3877 in
252 3812 369 3895 aliquo
391 3812 533 3887 curatis,
560 3829 602 3874 eo
625 3811 717 3892 qnod
739 3822 919 3895 magnates
941 3822 976 3878 et
999 3814 1085 3878 alios
1108 3814 1148 3876 fi·

192 3912 289 3976 deles
307 3919 459 3987 nostros,
475 3917 603 3974 uostrae
621 3910 699 3974 fidei
713 3919 914 3976 constanter
934 3913 1149 3977 adhaerentes

231 4126 239 4158 ¹
257 4121 449 4191 ‘ingesseriut;¹
463 4122 532 4175 u’A.
543 4130 568 4175 et
580 4126 620 4174 M.
723 4126 734 4156 ⁴
750 4129 814 4188 ‘per
824 4128 990 4176 turbationem
999 4124 1014 4186 ς’
1027 4122 1094 4175 ΠΛ.

229 4196 241 4226 ’
258 4196 433 4257 ‘Gilbertus3’
445 4196 485 4246 Μ.
723 4194 734 4225 ⁵
752 4198 862 4245 ‘damna
870 4192 885 4255 ;'
898 4196 1010 4259 wanting
1021 4198 1047 4244 iu
1059 4196 1097 4245 M.

228 4266 241 4299 ⁸
256 4268 364 4330 ‘argius
375 4261 389 4327 ;'
402 4266 442 4316 Μ.
724 4265 735 4296 ⁰
751 4267 875 4315 ‘servetis
884 4261 898 4325 ς’
911 4266 950 4313 Μ.
961 4270 986 4314 et
996 4264 1044 4315 Ar.

981 4356 999 4404 S
