2940 4950
566 462 751 511 iuuanns.
1074 447 1141 513 299

185 638 249 703 per
280 619 447 702 Angliam
476 612 762 703 suspenduntur.¹
816 619 896 684 Rex
931 621 1138 703 parliamen·
1151 638 1259 688 aucuns

188 728 261 784 tum
280 720 393 784 tenuit
416 718 615 785 Gloverniae
632 720 667 783 in
683 728 809 785 octava
829 720 865 785 S.
879 719 902 784 J
905 722 1027 784 oannis
1046 722 1139 805 Bap-
1151 689 1289 778 diffidi?

186 820 295 897 tistae,
315 821 352 883 in
374 838 443 902 quo
466 819 561 885 edita
586 828 669 885 sunt
697 828 842 899 statuta,
866 840 944 903 quae
966 821 1031 885 ‘de
1051 821 1137 885 Glo·
1152 790 1279 830 mmm

188 919 318 984 vernia'
344 920 573 1003 appellantur.
626 919 707 984 cito
732 940 816 984 vero
843 929 922 1003 post
945 922 980 984 in
1002 920 1137 987 Gallias

187 1020 374 1096 transiens,
392 1020 646 1083 restitutionem
671 1020 865 1103 aliquarum
884 1029 1053 1086 terrarum
1080 1024 1137 1086 ob·

187 1120 308 1196 tinuit,
341 1139 411 1183 non
440 1128 554 1183 tamen
588 1120 741 1183 omnium
774 1139 851 1203 quae
876 1122 913 1184 in
942 1121 1138 1187 venditione

187 1218 417 1284 Normanniae
439 1219 618 1301 promisse
643 1219 782 1284 fuerant
803 1221 894 1303 patri
916 1240 990 1284 suo.
1043 1222 1139 1286 Obiit

187 1318 256 1383 hoc
270 1338 361 1383 anno
384 1320 505 1402 regina
521 1319 696 1396 Castellae,
715 1328 825 1384 mater
842 1320 970 1401 reginae
986 1320 1138 1403 Angliae,

188 1418 235 1483 ad
264 1438 368 1502 quam
393 1419 475 1504 jure
506 1419 714 1483 hereditario
740 1427 820 1503 post
843 1428 986 1483 mortem
1018 1423 1138 1484 matris

188 1517 375 1583 devolutus
405 1527 459 1584 est
485 1518 639 1583 Pontivii
672 1520 868 1585 comitatus.
921 1519 1002 1585 Hoc
1036 1540 1137 1597 anno,

188 1627 376 1701 antequam
402 1638 466 1682 rex
492 1619 656 1684 transiret
687 1620 720 1682 in
747 1618 894 1696 Gallias,
923 1640 985 1683 rex
1016 1620 1138 1685 Scoto-

187 1738 265 1782 rum
284 1717 485 1783 Alexander
503 1720 539 1782 in
560 1717 726 1800 Angliam
748 1720 900 1796 veniens,
918 1739 1034 1803 regem
1056 1741 1137 1784 con-

187 1817 299 1883 suluit
328 1819 371 1882 de
402 1819 550 1901 negotiis
580 1818 697 1882 arduis
723 1826 824 1883 terrae
854 1839 940 1884 suae.
1006 1820 1139 1886 Putant

188 1917 330 2001 qnidam
353 1937 431 1982 eum
456 1926 538 1983 tunc
561 1938 661 1982 suum
679 1918 802 1983 secisse
818 1919 1030 2002 homagium,
1046 1923 1139 2004 quod

186 2018 249 2081 alii
265 2018 381 2083 verius
406 2016 441 2081 in
468 2019 620 2084 crastino
639 2019 874 2083 coronationis
893 2020 985 2102 regis
1001 2020 1139 2102 Angliae

186 2126 349 2183 asserunt
363 2137 439 2182 esso
454 2118 596 2183 factum.
650 2117 856 2201 impetravit
878 2128 993 2184 autem
1019 2140 1040 2183 a
1059 2141 1140 2201 roge

185 2218 336 2297 litteras,
358 2219 583 2283 testificantes
607 2219 774 2281 auxilium
793 2220 827 2281 in
848 2239 975 2301 guerra
1001 2220 1140 2285 Walliae

184 2319 393 2401 praestitum,
429 2338 497 2382 non
540 2317 678 2381 nomine
711 2319 845 2382 servitii
877 2318 1008 2383 factum
1040 2313 1141 2384 esse.²

187 2418 272 2483 Hoc
305 2438 395 2484 anno
421 2418 597 2483 Robertus
625 2417 768 2495 Burnel,
797 2419 980 2502 episcopus
1007 2419 1139 2483 Batho-

187 2518 330 2597 niensis,
364 2518 401 2583 in
435 2517 724 2582 Cautuariensem
757 2518 1053 2601 archiepiscopum
1086 2526 1141 2583 est

186 2617 343 2699 electus3
372 2618 433 2683 sed
451 2637 555 2701 papa,
579 2617 747 2682 electione
767 2627 918 2696 cassata,
944 2619 1065 2683 lectori
1083 2638 1140 2683 cu·

185 2718 249 2783 riae
281 2717 381 2783 fratri
402 2717 426 2782 J
429 2718 533 2783 oanni
561 2719 604 2783 de
632 2717 782 2782 Pecham
811 2718 967 2783 eamdem
993 2719 1140 2784 contulit

185 2811 427 2901 dignitatem.³

449 3031 685 3070 anomuoauun.
790 3033 943 3070 raincoauu
981 3036 1120 3072 thomann

401 3120 502 3158 mooutu
513 3119 552 3155 ιιι.
619 3119 727 3155 ιιιιιιιιι

464 3182 490 3228 2.
664 3180 689 3226 7.
854 3182 879 3227 9.
1052 3183 1077 3229 7.

239 3320 395 3385 Faauua
410 3318 433 3383 J
436 3336 567 3384 oannes
584 3317 626 3382 de
638 3316 801 3393 Pecham‚
818 3316 1140 3383 cicestrensisdioe·
1153 3338 1209 3377 san
1219 3338 1243 3377 a

1153 3388 1245 3426 Pachom

185 3421 289 3495 πεῖθ’
314 3420 357 3484 de
384 3418 504 3484 ⁰¹⁸di¹¹⁰
534 3417 722 3494 Missfflllmt
739 3417 833 3481 venit
859 3417 896 3479 in
925 3416 1101 3498 Angliam,
1118 3436 1307 3486 aerchblhopor

185 3521 328 3587 domino
349 3538 441 3603 papa
471 3519 507 3583 in
535 3517 820 3583 cantuariensem
844 3516 1140 3600 archiepiscopum
1153 3488 1290 3537 canaram.

223 3774 232 3808 ¹
250 3778 293 3827 No
306 3776 454 3827 iewerthau
472 3782 524 3826 two
534 3775 649 3825 hundred
676 3770 758 3835 ding's
769 3775 862 3837 Script.
877 3775 1030 3838 orantia,
1044 3776 1141 3837 Roma,

185 3847 237 3899 end
249 3847 337 3911 eighty
348 3862 417 3897 were
432 3846 533 3910 hanged
547 3848 575 3895 in
585 3846 652 3895 Lon-
677 3848 751 3906 18⁰6,
766 3846 813 3894 sub
829 3861 896 3895 nom.
931 3846 963 3894 In
979 3846 1021 3895 the
1039 3847 1141 3908 preface

185 3917 330 3969 dordone.
676 3920 702 3964 to
722 3915 762 3965 his
784 3916 857 3965 wo'rk
877 3916 982 3965 entitled
1001 3917 1141 3979 ‘Perspec-

222 3986 321 4036 'Does
338 3990 383 4035 not
400 3986 451 4037 this
470 3987 523 4037 fact
539 3996 607 4036 seem
625 3990 651 4035 to
676 3986 735 4035 tiva
755 3987 894 4035 communis
913 3981 1005 4048 Liber,'
1025 3987 1051 4034 in
1069 3986 1141 4036 three

184 4056 305 4109 disdlow
318 4057 349 4107 oi
359 4071 410 4119 any
426 4058 594 4119 unoquirocai
608 4056 652 4105 ho·
677 4055 765 4117 books,
785 4056 872 4106 Colon.
889 4056 980 4117 Agrip.
998 4059 1049 4105 tto.
1069 4060 1142 4118 1⁶8⁰,

187 4127 388 4246 mageedhaving
418 4143 478 4177 ever
512 4128 575 4177 been
608 4128 652 4174 de·
677 4126 807 4243 diffini.
804 4128 812 4154 ‘
823 4127 928 4206 Precor,
947 4132 976 4173 ut
991 4125 1063 4243 Βῐιιὶς
1079 4126 1142 4207 Opt.

185 4198 653 4318 wdaheum’swormmtva-
678 4208 1143 4329 inhdddseuldredmdldddnhitdnaphdsdd
