2940 4950
260 605 380 695 313111.

425 446 512 509 xviii
824 460 995 506 naasson.

426 607 555 683 Expleto
570 606 701 675 Introitu‚
715 607 784 681 quo¹
801 605 903 683 populi.

426 702 544 762 Ultimo
559 702 650 779 Kyrie
665 701 790 769 Eleison‚
806 701 892 758 dicto.

426 797 589 855 Exordium
603 797 702 874 hymni
716 797 844 872 angelici,
859 796 990 854 Gloriam
1005 795 1066 852 fieri
1079 797 1108 852 in
1126 798 1261 855 Excelsis.

425 891 611 950 'seminato’
624 893 730 970 hymno
744 890 881 968 angelico,
895 892 990 947 sinon
1004 902 1071 947 sunt
1086 891 1247 949 Lectiones.

424 1050 455 1107 D
465 1070 513 1107 um
527 1052 554 1107 in
570 1053 660 1128 prima
673 1050 850 1117 salutatione,
866 1049 1005 1108 Sacerdos
1020 1051 1131 1107 salutat.

426 1145 608 1203 Exhortatur
622 1145 722 1203 deinde
738 1145 875 1204 Sacerdos
890 1146 1032 1223 populum.

425 1308 555 1384 Oportet
568 1315 662 1362 autem
677 1306 749 1361 scire
763 1304 839 1380 quod
853 1308 907 1361 ista
921 1304 977 1361 duo
991 1306 1114 1362 nomina.

424 1402 591 1479 Responsio
605 1410 699 1457 autem
714 1400 824 1477 Populi,
839 1400 920 1456 finita
933 1401 1069 1456 oratione.

423 1497 571 1554 Doctrina
585 1495 673 1552 Verbi
690 1495 749 1552 Dm
764 1494 800 1551 ad
816 1495 963 1571 Populum.

424 1593 466 1648 In
482 1592 579 1649 diebus
594 1600 687 1647 autem
702 1591 851 1666 aliquibus,
865 1591 894 1646 in
909 1590 964 1646 illis
980 1590 1093 1647 scilicet.

425 1688 545 1745 Nomen
563 1685 718 1745 Graduale'a
732 1706 749 1743 a
762 1685 853 1761 gradu
866 1685 995 1741 trahitur.

425 1784 558 1841 Effectus
572 1783 644 1839 alius
659 1781 746 1838 Verbi
762 1782 821 1838 Dar
841 1782 942 1857 [qui]³
956 1789 1000 1837 est
1014 1782 1158 1840 exultatio.

425 1941 526 1998 Finita
542 1942 667 1999 Alleluia
680 1943 708 1998 in
723 1942 821 2000 diebus
836 1943 1016 2000 solemnibus.

426 2038 453 2094 R
462 2038 519 2094 atio
538 2037 657 2095 Tractus
671 2039 706 2093 ab
720 2057 754 2095 eo
768 2039 888 2095 sumitur
901 2038 975 2114 quod
990 2039 1017 2094 in
1033 2037 1226 2115 prolixitatem.

425 2132 626 2190 Accedentem
641 2132 818 2189 Diaconum⁴
831 2133 867 2190 ad
881 2134 1032 2208 legendum
1048 2132 1242 2208 Evangelium.

424 2227 596 2286 Terminato
612 2227 776 2303 Evangelio,
793 2228 930 2287 Sacerdos
947 2229 1108 2303 Symbolum
1120 2229 1227 2306 incipit.

424 2325 452 2381 lt
462 2322 607 2381 udimeula
622 2322 711 2391 Fidei,
727 2324 755 2379 in
772 2324 908 2401 Symbola
922 2333 1061 2381 contenta.

422 2420 583 2477 Variantur
597 2419 735 2475 stationes
752 2418 969 2494 [Saoerdotis]⁵
982 2420 1012 2475 in
1027 2419 1128 2476 Missa.

423 2515 458 2572 M
467 2510 608 2590 ultiplex⁶
621 2531 638 2570 a
652 2512 783 2571 Johanne
798 2514 977 2571 Damasoeno
990 2515 1150 2591 assignatur
1164 2514 1243 2571 ratio.

427 2680 585 2738 Praemissa
598 2682 765 2739 salutatione
779 2684 883 2760 populi,
900 2683 1036 2741 Sacerdos
1051 2684 1222 2741 oblationem
1236 2684 1373 2741 facturus.

427 2777 600 2852 Requiritur
613 2776 649 2834 ad
663 2777 833 2835 oblationem
848 2778 1016 2837 Sacerdotis.

427 2872 564 2948 Erigitur
577 2872 613 2929 ad
627 2875 866 2931 consecrationem
882 2873 1042 2950 Sanguinis.

428 2968 482 3025 De
496 2987 568 3043 aqua
580 2968 724 3025 miscenda
738 2988 802 3026 curn
816 2970 892 3039 vino,
907 2971 1044 3044 quamvis.

427 3065 469 3120 ln
482 3064 624 3140 primitiva
638 3062 765 3122 Ecclesia
779 3065 906 3121 solebant
923 3064 1096 3123 Sacerdotes.

427 3159 599 3234 Corporalia
613 3178 670 3215 nou
686 3158 789 3216 debent
804 3179 865 3216 esse
880 3159 915 3217 de
931 3161 1031 3216 serico.

429 3257 544 3330 Aptata
558 3273 642 3330 super
655 3263 785 3331 patenam
801 3255 913 3325 Hostia,
928 3264 957 3312 et
971 3254 1066 3312 calice.

427 3350 525 3407 Tactu
540 3368 633 3406 rerum
650 3351 835 3427 corporalium
849 3370 948 3407 manus
964 3350 1132 3408 Sacerdotis.

427 3446 507 3504 Orat
521 3445 622 3503 deinde
637 3444 773 3504 Sacerdos
787 3446 907 3521 legendo
921 3447 950 3503 in
965 3447 1079 3503 sinistro
1093 3465 1180 3502 comu
1195 3448 1298 3504 altaris.

428 3542 454 3599 R
464 3541 635 3598 everentiam
649 3541 745 3618 populi
756 3551 784 3599 et
795 3541 972 3598 devotionem
985 3541 1022 3598 ad
1036 3550 1144 3598 tanturn
1155 3541 1377 3602 Sacramentum.

465 3776 471 3805 '
489 3779 551 3839 ‘per
561 3772 656 3838 quem3'
678 3777 886 3829 Coelianum.
949 3776 959 3804 ⁴
975 3778 1133 3827 ‘Accedente
1150 3776 1288 3838 Diacon0;’
1311 3779 1378 3828 Har.

464 3845 475 3874 ¹
490 3848 559 3897 Herc
573 3849 632 3895 Cod.
645 3845 711 3895 Har.
724 3851 788 3896 3138
803 3849 826 3897 ia
842 3849 888 3895 im·
914 3849 987 3895 3138.

429 3917 537 3978 perfect:
560 3918 579 3964 it
602 3922 684 3964 wenta
705 3915 748 3964 the
774 3916 834 3978 leaf,
861 3932 889 3965 or
948 3913 1088 3964 ‘Omitted
1101 3916 1200 3965 inHar.
1214 3920 1286 3965 3138.

429 3988 522 4047 leaves,
552 3987 697 4046 containing
724 3986 766 4034 the
794 3986 889 4034 initials
949 3982 1038 4032 ⁶This
1052 3984 1101 4033 and
1114 3985 1155 4034 the
1167 3985 1236 4034 three
1248 3985 1378 4048 following

428 4058 458 4106 T.
471 4057 507 4105 D.
519 4056 549 4104 E.
565 4055 598 4103 0.
613 4054 697 4103 which
713 4069 755 4103 arc
772 4056 890 4117 supplied
914 4055 1010 4114 letters,
1022 4055 1063 4103 M.
1074 4055 1106 4102 P.
1119 4054 1150 4103 ll.
1163 4056 1213 4102 end
1224 4056 1254 4102 E.
1264 4070 1307 4103 are
1319 4070 1381 4116 sup·

429 4126 491 4174 from
504 4125 565 4173 Cod.
575 4122 641 4171 Har.
654 4127 726 4172 3768.
916 4125 984 4184 plied
997 4123 1058 4171 from
1077 4123 1143 4173 Har.
1162 4128 1235 4183 3138,
1251 4140 1268 4171 a
1284 4123 1337 4171 leaf
1350 4140 1379 4172 or

490 4192 604 4242 Omitted
615 4192 641 4241 in
654 4192 719 4242 Har.
732 4196 804 4242 3138.
916 4198 968 4241 two
979 4193 1055 4254 being
1064 4193 1114 4242 lost
1125 4195 1150 4242 in
1161 4196 1221 4243 Cod.
1232 4193 1297 4243 Hor.
1304 4197 1378 4242 3768.
