2940 4950
338 464 403 529 104
704 478 778 525 uic.
794 476 942 525 curvari

179 639 375 702 urnnrnain
398 654 524 718 papam
552 634 712 697 Urbanus
734 632 808 697 111.
837 633 977 697 natione
1001 630 1239 708 Lumbardus,
1265 632 1309 695 de

178 706 265 747 elected.

340 735 482 800 civitate
521 733 787 808 Mediolanensi,
818 732 932 796 dictus
969 730 1065 813 prius
1097 729 1307 797 Umbertus.

342 833 530 907 walterus,
547 831 720 914 quondam
737 831 989 896 lincolniensis
1003 830 1205 912 episeopus,
1225 848 1306 893 eum

342 932 561 1016 processione
591 930 737 994 solemni
767 930 982 1011 Rothomagi
1004 930 1041 993 in
1067 928 1305 1011 archiepisco·

343 1052 425 1115 pum
444 1041 496 1096 est
513 1038 682 1112 receptus

396 1130 476 1194 Rex
493 1130 700 1211 Auglorum,
717 1147 795 1191 cum
816 1126 1024 1211 patriarcha,
1044 1128 1212 1211 episcope
1230 1126 1304 1191 Du·

182 1214 235 1242 “¹¹
246 1214 263 1240 ⁸
344 1230 527 1306 nolmensi,
545 1238 580 1292 et
592 1229 760 1311 magistro
782 1221 996 1309 'hospitalis
1016 1245 1111 1291 mare
1127 1227 1303 1291 transiffls

345 1331 434 1394 diem
453 1328 598 1393 Paschae
618 1327 830 1408 Rothomagi
848 1326 1047 1390 celebravit.
1093 1324 1176 1389 Rex
1197 1326 1303 1390 Fran-

346 1431 421 1506 ciae,
444 1429 563 1492 audito
587 1426 679 1508 regis
698 1425 892 1507 Anglorum
908 1426 1073 1501 adventu,
1091 1424 1188 1489 venit
1210 1424 1302 1507 apud

348 1529 486 1593 Vallem
517 1526 669 1602 Redolii,
692 1527 751 1589 nbi
775 1525 818 1589 de
838 1524 982 1607 agendis
1006 1543 1108 1605 reges
1130 1524 1199 1607 ipsi
1223 1531 1303 1587 sunt

348 1636 467 1690 mutuo
495 1626 666 1690 collocuti.
720 1624 888 1701 loannes,
911 1624 1003 1687 tilius
1027 1624 1121 1705 regis
1150 1622 1302 1705 Angliae,

348 1726 553 1789 militaribus
574 1726 678 1788 armis
699 1725 833 1787 cinctus
852 1744 874 1787 a
896 1731 993 1806 patre
1015 1731 1097 1786 aute
1119 1724 1303 1787 transitum

348 1843 448 1887 suum
464 1825 555 1907 apud
568 1824 820 1899 Windelesore,
835 1822 944 1903 pridie
956 1822 1022 1886 cal.
1036 1821 1171 1904 Aprilis
1188 1822 1224 1885 in
1239 1822 1305 1885 Hi-

349 1922 503 1986 herniam
526 1922 774 1987 transfretavit.
829 1921 936 2004 Hugo
959 1922 1002 1985 de
1025 1920 1123 1999 Laei,
1144 1921 1305 1986 dominus

348 2020 495 2098 'Midiae
525 2041 546 2085 a
574 2023 724 2103 quodam
753 2020 889 2085 intirmo
915 2021 1064 2098 homine,
1087 2028 1217 2086 octavo
1241 2020 1303 2085 cal.

350 2121 516 2202 Augusti,
550 2122 728 2186 occiditur.
793 2121 1008 2185 florebertus
1042 2119 1218 2203 Anglicus
1246 2140 1307 2185 na·

351 2223 455 2297 tione,
486 2221 659 2285 transiens
686 2222 722 2284 in
753 2220 961 2296 Calabriam,
984 2219 1097 2283 lactus
1119 2228 1175 2283 est
1197 2220 1308 2286 archi-

351 2322 533 2403 episcopus
567 2314 849 2398 ³Consensanus3
884 2328 920 2383 et
950 2318 1070 2383 eodem
1095 2338 1204 2397 auno,
1230 2339 1307 2383 cum

351 2420 444 2484 clero
462 2428 497 2484 et
513 2419 654 2495 familia,
674 2439 715 2483 ac
731 2439 858 2501 magna
882 2429 981 2501 parte
998 2418 1139 2497 civium,
1160 2421 1308 2484 obrutus

351 2529 404 2582 est
420 2528 521 2583 terrae
536 2528 643 2583 motu.
697 2519 893 2583 Willelmus
911 2538 972 2582 rex
992 2517 1133 2595 Siciliae,
1151 2520 1307 2584 maximo

352 2638 393 2682 ac
411 2618 597 2683 fortissimo
615 2618 809 2682 coadunato
832 2618 983 2699 navigio,
1007 2616 1224 2682 Durachium
1248 2639 1310 2701 ap-

353 2717 485 2799 plicuit,
514 2718 630 2781 villam
656 2719 759 2799 cepit,
789 2726 824 2781 et
850 2717 1084 2782 Andronicum
1110 2718 1310 2783 invasorem

354 2818 486 2898 imperii
518 2818 697 2881 interfecit.
752 2816 878 2880 Cursat
908 2815 1078 2897 Angelus,
1110 2836 1155 2881 cx
1191 2838 1311 2883 sorore

356 2916 554 2980 Emanuclis
584 2918 802 2999 imperatoris
827 2918 1041 2998 progenitus,
1062 2914 1313 2982 Constantino·

354 3017 529 3097 politanus
546 3016 733 3098 imperator
750 3015 905 3080 efficitur.
952 3010 1180 3097 ⁴[Gilbertus,
1197 3016 1314 3083 Lexo-

354 3116 481 3178 vionsis
514 3115 789 3192 archidiaconus,
820 3115 858 3179 lit
890 3114 1064 3179 Rollensis
1093 3116 1311 3201 episcopus]

357 3213 437 3277 Rex
481 3215 690 3278 Francorum
726 3235 840 3296 regem
881 3214 1074 3296 Anglorum
1109 3214 1314 3281 infirmitate

357 3322 486 3377 tactum
510 3316 666 3379 visitavit
687 3310 856 3379 ⁵secundo
881 3315 957 3378 idus
984 3313 1194 3379 Novembris
1219 3317 1312 3400 apud

357 3412 526 3490 Beauvor,
566 3434 696 3478 moram
742 3433 819 3477 cum
854 3434 895 3478 eo
932 3414 1061 3478 iaciens
1102 3414 1316 3481 triduanam.

356 3512 510 3595 Septimo
542 3514 617 3577 idus
649 3513 856 3578 Novembris
896 3514 986 3596 apud
1016 3511 1317 3582 Albam-Mariam

357 3612 541 3676 reformata
561 3614 625 3677 l'uit
641 3633 712 3695 pax
735 3615 826 3677 inter
844 3633 958 3694 regem
975 3621 1010 3676 et
1025 3614 1185 3677 comitem
1211 3616 1319 3681 Flan-

362 3752 545 3765 *r*

394 3834 401 3864 ¹
418 3833 578 3898 ‘hospitalis
591 3839 630 3886 Μ.
647 3837 820 3887 ltlatth.West.
883 3836 893 3866 ³
908 3832 1134 3897 ‘Consentiorum’
1147 3834 1233 3903 M„
1244 3844 1287 3895 M.
1297 3848 1321 3893 et

358 3908 421 3957 calls
438 3906 489 3954 him
503 3904 668 3969 ‘llogerius;’
685 3908 731 3956 but
746 3908 821 3955 much
845 3909 894 3959 Ar.
925 3908 993 3956 Now
1010 3908 1125 3957 Cosam
1143 3908 1172 3957 lu
1192 3910 1323 3965 Calabri·

358 3978 487 4037 obscurity
511 3976 592 4039 huugs
613 3993 672 4027 orer
696 3978 737 4026 the
764 3992 822 4026 suc·
847 3979 971 4027 citeriore.

359 4048 457 4095 cession
468 4044 497 4094 os
504 4046 546 4095 the
558 4055 663 4097 masters
671 4046 700 4097 oi
708 4048 745 4097 St.
753 4048 821 4096 John
882 4080 892 4111 ⁴
909 4082 982 4129 From

360 4123 386 4165 at
397 4117 447 4165 this
460 4117 556 4177 period.
999 4076 1164 4131 ‘Gssbffluc
1185 4088 1213 4133 ω
1232 4086 1242 4113 ⁴
1255 4086 1326 4137 Μ

394 4184 568 4247 ”nimus
593 4188 648 4237 rr„-
676 4182 821 4247 ‘uuum‘
847 4168 890 4203 ²²¹⁰
901 4151 964 4200 “⁰¹⁰
977 4151 1016 4200 M·

361 4252 429 4305 Μ·
882 4254 892 4281 ³
909 4248 1039 4316 ‘quintos
1051 4252 1099 4303 Ar.
