2948 4942
333 437 400 505 ³22
701 455 937 506 mensuum

175 627 323 728 &3293ss
339 614 560 678 securitatem
583 613 690 678 faeiat
714 613 933 696 petitoribus,
957 618 993 677 et
1020 612 1237 691 custodibus,
1259 623 1296 680 et

177 729 305 770 emm.
339 713 579 779 communitati
604 714 703 795 regni
729 713 855 778 Scotiae
875 713 1078 777 restituendi
1102 713 1194 778 idem
1215 733 1294 797 reg·

339 832 423 877 num
439 832 518 877 cum
538 820 614 878 tota
632 812 828 894 regalitate,
851 811 1033 895 dignitate,
1058 813 1224 890 dominio,
1251 814 1293 879 li·

340 914 542 987 hortatibus,
577 913 893 988 consuetudinibus,
935 911 1096 995 justitiis,
1144 913 1293 995 legibus,

341 1013 474 1090 usibus,
504 1012 792 1096 possessionibus,
824 1020 859 1076 et
885 1011 1159 1095 quibuscumque
1185 1015 1294 1096 perti-

340 1112 480 1191 nentiis,
511 1113 548 1176 in
574 1112 694 1176 eodem
720 1118 816 1177 statu
845 1113 880 1175 in
903 1130 972 1193 quo
997 1119 1097 1176 erant
1123 1120 1205 1176 ante
1228 1114 1294 1178 sei·

341 1211 454 1276 sinam
488 1212 554 1276 sibi
583 1211 757 1289 traditam,
791 1218 827 1275 et
858 1210 1017 1275 liberabit
1044 1211 1094 1274 illi
1127 1211 1184 1275 cui
1211 1211 1295 1297 jure

342 1312 488 1376 debetur
528 1312 713 1377 secundum
748 1310 918 1396 judicium
951 1310 1157 1392 regalitatis,
1192 1312 1296 1377 salvo

342 1412 415 1493 regi
433 1410 572 1494 Angliue
593 1411 754 1493 homagio
777 1410 870 1474 illius
889 1409 949 1491 qni
974 1429 1037 1474 rex
1060 1410 1152 1489 erit;
1183 1418 1219 1475 et
1235 1411 1296 1477 de-

342 1512 400 1574 bet
423 1511 497 1575 haec
525 1511 699 1575 restitutio
724 1509 797 1574 fieri
822 1509 911 1572 inira
933 1508 1020 1574 duos
1040 1528 1176 1574 menses
1193 1530 1215 1574 a
1239 1511 1295 1576 die

342 1629 412 1692 que
436 1610 539 1674 fuerit
563 1609 627 1673 hoc
655 1610 716 1693 jus
749 1608 941 1673 discussum
967 1615 1073 1691 atque
1101 1609 1294 1676 firmatum:

345 1702 477 1773 ¹esitus
507 1709 680 1790 praedictae
712 1715 815 1772 terrae
842 1707 955 1772 medio
981 1715 1136 1790 tempere
1168 1711 1294 1793 recipi-

343 1813 460 1884 antur,
480 1816 516 1872 et
538 1809 574 1871 in
593 1808 692 1872 salve
714 1806 873 1889 deposito
899 1816 1120 1890 reponantur,
1149 1816 1183 1873 et
1206 1810 1296 1876 bene

343 1907 584 1972 custodiantur
611 1928 673 1991 per
698 1926 837 1971 manum
869 1909 1049 1971 camerarii
1078 1907 1205 1973 Scotiae
1234 1911 1294 1992 qui

343 2027 435 2071 nune
458 2015 523 2084 est,
541 2014 575 2071 et
600 2007 694 2071 illius
723 2027 823 2089 quem
848 2006 1041 2088 assignabit
1061 2006 1106 2070 ad
1135 2007 1201 2073 hoc
1229 2030 1292 2073 rex

344 2105 495 2189 Angliae,
511 2115 547 2171 et
568 2107 632 2170 hec
656 2108 720 2170 sub
737 2107 860 2187 sigillis
877 2125 1008 2183 eorum,
1024 2107 1124 2171 salva
1139 2109 1295 2173 rationa-

343 2207 405 2271 bili
429 2207 681 2271 sustentatione
701 2213 815 2288 terrae,
836 2213 871 2270 et
898 2213 1090 2270 castrorum
1118 2208 1294 2274 ministro-

344 2326 487 2389 rumque
518 2306 625 2387 regui.
678 2305 721 2368 In
748 2305 980 2369 testimenium
1009 2298 1180 2370 ²omnium
1202 2327 1293 2390 prae·

343 2406 512 2471 dictorum
536 2405 759 2488 apposuimus
778 2405 820 2469 ad
839 2405 902 2468 has
924 2405 1059 2468 litteras
1082 2404 1198 2487 sigilla
1216 2427 1295 2473 nes·

343 2513 408 2569 tra.
462 2505 593 2569 Datum
610 2504 700 2587 apud
720 2504 910 2578 Noreham,
929 2504 983 2567 die
1002 2503 1168 2569 Mercurii
1184 2526 1292 2588 prox·

342 2606 412 2669 ima
429 2612 509 2686 pest
525 2603 773 2669 Ascensienem
791 2604 943 2681 Domini,
968 2623 1059 2668 anno
1076 2605 1200 2685 gratiae
1216 2607 1293 2670 mil·

342 2703 462 2767 lesimo
476 2704 711 2767 ducentesimo
730 2704 954 2785 nonagesimo
968 2704 1102 2785 primo?

394 2803 473 2866 Has
490 2802 576 2865 duas
591 2802 724 2867 litteras
742 2804 835 2867 misit
850 2822 912 2866 rex
932 2800 1070 2884 Angliae
1086 2803 1151 2867 sub
1175 2802 1293 2886 sigillo

342 2920 406 2966 sue
433 2901 569 2983 private
603 2901 645 2965 ad
678 2902 816 2967 diversa
845 2903 1066 2980 monasteria,
1106 2904 1205 2986 regui
1241 2906 1294 2969 sui

343 3020 434 3065 anne
453 3001 586 3064 decimo
614 3021 718 3078 neno,
747 3008 786 3066 ut
810 3001 853 3066 ad
878 3009 1082 3085 perpetuam
1110 3005 1161 3067 rei
1183 2998 1292 3086 g‘estae

344 3101 542 3164 memoriam
570 3100 606 3164 in
637 3101 806 3165 chronicis
834 3110 1052 3184 ponerentur.
1117 3101 1172 3166 De
1202 3122 1293 3168 com-

343 3201 438 3264 muni
455 3200 561 3282 igitur
581 3219 723 3264 assensu
748 3201 916 3285 majorum
939 3202 1038 3283 regni
1063 3200 1204 3278 Scetiae,
1231 3223 1292 3267 rex

343 3308 470 3365 terram
487 3302 597 3382 ipsam
620 3301 656 3364 in
679 3319 778 3364 suam
799 3300 933 3383 accepit
944 3300 1149 3377 custodiam,
1166 3321 1294 3385 quous·

343 3420 411 3482 que
439 3400 556 3465 debita
583 3400 795 3464 discussione
822 3399 942 3464 habita
963 3401 1006 3464 de
1030 3399 1188 3482 legitimo
1211 3421 1293 3467 cen-

343 3507 451 3564 starct
468 3499 600 3564 herede.

221 3622 273 3701 mg
313 3671 325 3700 ο
394 3597 524 3662 Eodem
541 3617 645 3675 anno,
663 3598 755 3662 cirea
772 3597 898 3662 festum
920 3597 1012 3663 beati
1030 3597 1181 3663 Joannis
1198 3600 1292 3684 Bap-

212 3689 278 3750 een·'
344 3696 449 3773 tistae,
478 3695 646 3761 Alienera
679 3704 790 3761 mater
827 3698 919 3779 regis
952 3695 1209 3763 Ambresburiae
1240 3708 1294 3765 est

181 3770 219 3800 ¹⁰⁰
343 3795 520 3869 deiuncta3
544 3796 791 3879 propterquod
808 3817 869 3860 rex
886 3797 929 3861 de
943 3796 1062 3861 Scotia
1077 3797 1113 3861 in
1128 3797 1292 3880 Angliam

343 3895 457 3972 rediit,
487 3901 526 3959 ut
557 3894 660 3959 funus
695 3904 886 3962 maternum
919 3897 1107 3980 sepulturae
1142 3899 1295 3965 traderet

342 3996 458 4061 debito
473 4015 551 4059 cum
574 3994 712 4060 honere.
765 3996 946 4079 Sepultum
963 3997 1080 4079 itaque
1095 4005 1150 4062 est
1169 4018 1294 4083 corpus

376 4195 384 4227 ¹
401 4198 468 4248 ‘i.e.
480 4195 601 4259 reditus?
611 4192 774 4247 D'Aclerius.
806 4192 811 4263 Ι
863 4195 872 4224 ¹
887 4198 1008 4248 ‘istorum
1016 4199 1128 4248 onmium
1136 4195 1154 4260 ς’
1165 4200 1205 4251 Μ.
1214 4202 1293 4252 etAr.
