2940 4950
574 429 755 479 annuens,
1096 418 1141 480 55

183 585 246 669 jici
269 593 396 668 potest,
424 604 514 650 unus
539 605 709 651 annorum
737 587 945 671 quindecim,
971 590 1060 654 alius
1081 592 1139 654 tri·

187 686 298 766 ginta,
332 687 455 751 tertius
487 688 671 768 sexaginta
704 707 779 752 esse
808 688 954 755 videtur.
1006 691 1138 754 Beatus

185 794 301 849 autem
326 780 562 867 ¹EustorgiuS,
586 786 677 851 dono
702 787 881 872 cujusdam
908 790 1138 872 imperatoria,

185 886 228 950 de
246 884 547 968 Constantinopoli
566 879 578 916 ²
584 906 626 951 ea
648 887 883 952 Mediolanum
901 890 1138 967 transtulerat,

187 1005 264 1048 cum
289 985 437 1069 quadam
466 1005 597 1064 mensa,
626 981 697 1052 ³cui
728 988 946 1071 superposita
968 998 1078 1067 erant,
1102 991 1138 1053 in

187 1085 336 1168 quodam
354 1084 514 1150 vehiculo
531 1106 652 1168 parvo,
670 1088 761 1169 quod
785 1087 863 1152 duae
885 1109 1000 1153 vaccae
1020 1089 1138 1153 divina

186 1186 315 1249 virtute
332 1192 367 1249 et
384 1186 564 1251 voluntate
579 1186 774 1252 trahebant.
827 1188 1024 1253 Transtulit
1034 1190 1137 1253 etiam

186 1286 352 1367 praefatus
380 1285 573 1350 Rainaldus
598 1287 723 1350 exinde
754 1306 899 1369 corpora
926 1289 1036 1352 beatae
1062 1288 1137 1352 Va·

186 1384 280 1449 leriae
303 1385 478 1468 martyris,
500 1394 698 1450 sanctorum
715 1393 906 1469 martyrum
924 1387 1084 1451 Gervasii
1102 1395 1138 1451 et

188 1484 351 1562 Protasii,
368 1493 403 1549 et
419 1493 525 1567 caput
543 1486 694 1550 Naboris
708 1487 882 1569 martyris.

237 1585 414 1649 Henricus
431 1583 624 1668 Anglorum
642 1605 704 1649 rex
729 1586 909 1650 ecclesiam
927 1586 1039 1650 beatae
1057 1585 1136 1649 Ma·
1151 1599 1278 1690 22¹0·th

186 1685 247 1749 riae
275 1685 317 1749 de
346 1679 539 1767 ⁴Rcdingia
567 1686 718 1750 dedicari
746 1685 839 1764 fecit,
867 1694 902 1750 et
928 1692 1136 1750 conventum
1150 1661 1292 1791 ἐφ’

186 1785 431 1850 monachorum
460 1787 658 1851 solemniter
683 1787 896 1869 procuravit,
922 1786 1005 1850 data
1026 1784 1136 1849 eidem
1234 1762 1254 1800 ε’

186 1886 341 1949 ecclesiae
357 1886 438 1950 dote
461 1906 529 1949 non
546 1905 666 1968 parva.
719 1886 939 1963 Hamelinus,
956 1885 1064 1949 frater
1080 1904 1138 1949 na-

187 1984 310 2047 turalis
334 1986 425 2064 regis
449 1985 606 2061 Henrici,
634 1985 735 2049 duxit
758 1987 970 2049 comitissam
992 1986 1034 2049 de
1054 1986 1138 2049 Wa-

187 2102 307 2156 renna,
326 2083 480 2147 relictam
497 2083 663 2147 Willelmi
680 2085 852 2165 quondam
874 2086 1009 2148 comitis
1030 2085 1138 2148 Mori-

189 2182 287 2257 tonii,
302 2182 363 2244 filii
378 2180 470 2262 regis
488 2181 667 2263 Stephani.
719 2181 823 2246 Hanc
845 2184 1056 2246 comitissam
1078 2203 1138 2264 ge·

190 2288 312 2344 nuerat
329 2281 526 2344 Willelmus
544 2281 666 2344 tertius
683 2299 797 2344 comes
814 2281 856 2344 de
874 2281 1063 2357 Warenna,
1081 2283 1138 2362 qui

188 2400 265 2443 eum
284 2400 366 2462 rege
385 2380 561 2445 Lodovico
578 2388 779 2462 perrexerat
791 2380 999 2457 Jerusalem,
1022 2388 1057 2444 et
1077 2381 1140 2443 ihi-

188 2480 266 2544 dem
297 2480 394 2557 ohiit,
420 2480 541 2544 relicta
568 2480 637 2544 ista
667 2480 844 2544 comitissa
872 2480 974 2543 unica
1004 2480 1075 2543 iilia
1104 2487 1140 2544 et

188 2579 321 2644 herede.
375 2579 589 2644 Octavianus
615 2579 855 2644 schismaticus
884 2579 974 2661 apud
1009 2580 1139 2643 Lucam

188 2680 364 2744 civitatem
396 2679 494 2756 obiit,
529 2680 584 2743 cui
614 2680 651 2742 in
684 2679 803 2743 eodem
831 2699 946 2744 errore
972 2681 1140 2744 successit

190 2778 305 2844 Guido
319 2775 544 2857 ⁵Cremensis,
559 2779 672 2844 dictus
691 2778 872 2844 Paschalis
889 2780 1024 2844 tertius.

241 2879 364 2944 Comes
389 2873 632 2944 ⁶Carnotensis
658 2879 880 2944 Theobaldus
907 2879 1009 2943 duxit
1033 2878 1138 2943 filiam
1151 2892 1226 2983 ἕξεις

191 2979 355 3043 Lodovici
379 2980 469 3060 regis
499 2980 723 3056 Francorum,
746 2987 781 3043 et
809 2978 885 3043 ideo
913 2980 1082 3043 concessit
1107 2980 1138 3042 ei
1227 2969 1232 2981 '

190 3099 253 3141 rex
276 3048 504 3160 dapiferatum
535 3078 704 3155 Franciae,
731 3098 832 3160 quem
860 3080 1002 3142 comites
1024 3077 1139 3142 Ande-

189 3197 358 3258 gavenses
378 3178 569 3260 antiquitus
586 3177 712 3241 habere
726 3177 893 3241 solebant.
948 3178 1139 3258 Postquam

193 3276 397 3340 Fredericus
430 3278 618 3359 imperator
650 3276 895 3340 Lumbardiam
926 3276 992 3339 sihi
1023 3276 1140 3340 subdi·

190 3377 300 3452 derat,
319 3377 507 3458 fiscumque
525 3376 657 3456 regium
673 3376 708 3438 in
725 3375 844 3439 eodem
862 3395 968 3457 regno
984 3374 1027 3438 ad
1043 3376 1142 3455 quin·

190 3477 360 3560 quaginta
394 3476 503 3539 millia
535 3494 727 3538 marcarum
762 3481 969 3557 reparasset,
1002 3481 1037 3538 et
1070 3481 1141 3538 tam

188 3576 360 3657 indigenis
378 3595 481 3657 quam
504 3575 695 3657 peregrinis
712 3593 831 3657 pacem
855 3575 979 3638 ibidem
1001 3574 1141 3638 reform-

190 3684 296 3752 asset,
326 3677 450 3740 iterum
474 3675 616 3739 Verona
635 3682 670 3738 et
690 3675 851 3739 civitates
877 3675 1036 3758 quaedam
1065 3674 1144 3739 aliae

228 3879 235 3912 ¹
248 3883 442 3945 ‘Eustmgiuss
454 3884 573 3934 MmtAr.
595 3885 657 3933 Pro·
716 3881 725 3910 ⁴
743 3877 902 3945 ‘Redinga;’
915 3882 984 3931 D'A.

192 3953 265 4015 porly
284 3954 447 4016 Eustochius,
465 3954 523 4004 who
543 3954 610 4003 lived
631 3955 656 4003 in
718 3951 729 3980 ⁸
746 3954 883 4002 ‘Tremens
890 3952 926 3999 is’
940 3947 1009 3999 D’A.

192 4024 235 4071 the
248 4023 301 4071 tisth
314 4029 428 4084 century.
715 4017 945 4082 “Commendas
982 4020 1042 4068 MS.
1080 4019 1145 4079 aeg.

228 4090 238 4118 ²
254 4094 304 4141 ‘ad
312 4093 331 4151 3’
342 4089 409 4143 ΠΛ.
684 4095 782 4141 Osca:
801 4090 984 4142 ‘Curnocensis
993 4089 1010 4147 ;’
1021 4088 1060 4137 Μ.
1071 4087 1145 4135 etAr.

227 4160 238 4192 ³
256 4163 370 4212 Omitted
387 4165 413 4212 in
434 4159 518 4226 ΠΜ
545 4163 657 4225 ‘suppo
680 4163 735 4210 'l'he
757 4162 828 4211 word
850 4163 876 4209 in
898 4160 939 4208 the
961 4162 1016 4206 text
1038 4157 1061 4205 is
1083 4157 1146 4204 from

191 4233 242 4280 sita
251 4232 268 4292 3'
280 4233 318 4281 M.
683 4227 751 4280 D’A.
