<?xml version="1.0" encoding="UTF-8"?>
<!DOCTYPE html PUBLIC "-//W3C//DTD XHTML 1.0 Transitional//EN"
    "http://www.w3.org/TR/xhtml1/DTD/xhtml1-transitional.dtd">
<html xmlns="http://www.w3.org/1999/xhtml" xml:lang="en" lang="en">
 <head>
  <title>
</title>
<meta http-equiv="Content-Type" content="text/html;charset=utf-8" />
  <meta name='ocr-system' content='tesseract 3.04.00' />
  <meta name='ocr-capabilities' content='ocr_page ocr_carea ocr_par ocr_line ocrx_word'/>
</head>
<body>
  <div class='ocr_page' id='page_1' title='image "./fnicholaitrivet00trivgoog/fnicholaitrivet00trivgoog_0406.png"; bbox 0 0 2940 4950; ppageno 0'>
   <div class='ocr_carea' id='block_1_1' title="bbox 570 443 1141 509">
    <p class='ocr_par' dir='ltr' id='par_1_1' title="bbox 570 443 1141 509">
     <span class='ocr_line' id='line_1_1' title="bbox 570 443 1141 509; baseline 0.002 -1"><span class='ocrx_word' id='word_1_1' title='bbox 570 459 756 509; x_wconf 72' lang='lat' dir='ltr'><strong>annuens.</strong></span> <span class='ocrx_word' id='word_1_2' title='bbox 1074 443 1141 509; x_wconf 82' lang='lat'><strong>373</strong></span> 
     </span>
    </p>
   </div>
   <div class='ocr_carea' id='block_1_2' title="bbox 181 611 1287 3091">
    <p class='ocr_par' dir='ltr' id='par_1_2' title="bbox 181 611 1287 1197">
     <span class='ocr_line' id='line_1_2' title="bbox 181 611 1287 720; baseline 0.002 -41"><span class='ocrx_word' id='word_1_3' title='bbox 181 615 375 679; x_wconf 84' lang='lat' dir='ltr'><strong>exercitum</strong></span> <span class='ocrx_word' id='word_1_4' title='bbox 393 634 462 679; x_wconf 91' lang='lat' dir='ltr'><strong>non</strong></span> <span class='ocrx_word' id='word_1_5' title='bbox 483 611 619 681; x_wconf 85' lang='lat' dir='ltr'><strong>omisit¹</strong></span> <span class='ocrx_word' id='word_1_6' title='bbox 680 617 806 700; x_wconf 89' lang='lat' dir='ltr'><strong>Itaque</strong></span> <span class='ocrx_word' id='word_1_7' title='bbox 818 616 926 700; x_wconf 83' lang='lat' dir='ltr'><strong>juxta</strong></span> <span class='ocrx_word' id='word_1_8' title='bbox 949 615 1061 681; x_wconf 91' lang='lat' dir='ltr'><strong>locum</strong></span> <span class='ocrx_word' id='word_1_9' title='bbox 1077 618 1135 700; x_wconf 91' lang='lat' dir='ltr'><strong>qui</strong></span> <span class='ocrx_word' id='word_1_10' title='bbox 1148 628 1252 720; x_wconf 59' lang='lat' dir='ltr'><strong>Botlppt</strong></span> <span class='ocrx_word' id='word_1_11' title='bbox 1273 681 1287 719; x_wconf 57' lang='lat' dir='ltr'>d</span> 
     </span>
     <span class='ocr_line' id='line_1_3' title="bbox 185 681 1272 820; baseline 0.003 -41"><span class='ocrx_word' id='word_1_12' title='bbox 185 713 365 779; x_wconf 84' lang='lat' dir='ltr'><strong>Faukirke</strong></span> <span class='ocrx_word' id='word_1_13' title='bbox 389 714 562 793; x_wconf 88' lang='lat' dir='ltr'><strong>dicitur,</strong></span> <span class='ocrx_word' id='word_1_14' title='bbox 553 736 589 779; x_wconf 88' lang='lat' dir='ltr'><strong>nr</strong></span> <span class='ocrx_word' id='word_1_15' title='bbox 612 716 667 780; x_wconf 89' lang='lat' dir='ltr'><strong>die</strong></span> <span class='ocrx_word' id='word_1_16' title='bbox 693 718 805 782; x_wconf 85' lang='lat' dir='ltr'><strong>beatae</strong></span> <span class='ocrx_word' id='word_1_17' title='bbox 837 716 962 781; x_wconf 84' lang='lat' dir='ltr'><strong>Mariae</strong></span> <span class='ocrx_word' id='word_1_18' title='bbox 989 717 1138 799; x_wconf 83' lang='lat' dir='ltr'><strong>Magda·</strong></span> <span class='ocrx_word' id='word_1_19' title='bbox 1148 681 1272 820; x_wconf 56' lang='grc' dir='ltr'><strong>ᾱοῑοὲεωοῑω</strong></span> 
     </span>
     <span class='ocr_line' id='line_1_4' title="bbox 182 782 1261 898; baseline 0.004 -20"><span class='ocrx_word' id='word_1_20' title='bbox 182 814 286 892; x_wconf 78' lang='lat' dir='ltr'><strong>lenae,</strong></span> <span class='ocrx_word' id='word_1_21' title='bbox 318 815 587 896; x_wconf 78' lang='lat' dir='ltr'><strong>congrediuntur</strong></span> <span class='ocrx_word' id='word_1_22' title='bbox 619 817 720 881; x_wconf 89' lang='lat' dir='ltr'><strong>ambo</strong></span> <span class='ocrx_word' id='word_1_23' title='bbox 758 818 944 894; x_wconf 83' lang='lat' dir='ltr'><strong>exercitus,</strong></span> <span class='ocrx_word' id='word_1_24' title='bbox 974 816 1137 898; x_wconf 79' lang='lat' dir='ltr'><strong>fugienti·</strong></span> <span class='ocrx_word' id='word_1_25' title='bbox 1147 782 1261 881; x_wconf 57' lang='lat' dir='ltr'><strong>subn-⁸⁸</strong></span> 
     </span>
     <span class='ocr_line' id='line_1_5' title="bbox 185 914 1138 998; baseline 0.005 -22"><span class='ocrx_word' id='word_1_26' title='bbox 185 914 320 996; x_wconf 85' lang='lat' dir='ltr'><strong>bosque</strong></span> <span class='ocrx_word' id='word_1_27' title='bbox 352 916 471 979; x_wconf 91' lang='lat' dir='ltr'><strong>statim</strong></span> <span class='ocrx_word' id='word_1_28' title='bbox 501 916 682 980; x_wconf 85' lang='lat' dir='ltr'>Scotorum</span> <span class='ocrx_word' id='word_1_29' title='bbox 709 916 893 998; x_wconf 88' lang='lat' dir='ltr'><strong>equitibus,</strong></span> <span class='ocrx_word' id='word_1_30' title='bbox 921 916 1095 998; x_wconf 81' lang='lat' dir='ltr'><strong>Anglici</strong></span> <span class='ocrx_word' id='word_1_31' title='bbox 1086 938 1138 982; x_wconf 85' lang='lat' dir='ltr'><strong>rn-</strong></span> 
     </span>
     <span class='ocr_line' id='line_1_6' title="bbox 184 1014 1139 1099; baseline 0.006 -24"><span class='ocrx_word' id='word_1_32' title='bbox 184 1021 380 1097; x_wconf 86' lang='lat' dir='ltr'><strong>sequnntur</strong></span> <span class='ocrx_word' id='word_1_33' title='bbox 405 1014 588 1092; x_wconf 82' lang='lat' dir='ltr'><strong>caedentes,</strong></span> <span class='ocrx_word' id='word_1_34' title='bbox 617 1022 653 1078; x_wconf 91' lang='lat' dir='ltr'><strong>et</strong></span> <span class='ocrx_word' id='word_1_35' title='bbox 679 1024 832 1097; x_wconf 81' lang='lat' dir='ltr'><strong>stragem</strong></span> <span class='ocrx_word' id='word_1_36' title='bbox 857 1035 1020 1098; x_wconf 81' lang='lat' dir='ltr'><strong>magnam</strong></span> <span class='ocrx_word' id='word_1_37' title='bbox 1042 1017 1139 1099; x_wconf 81' lang='lat' dir='ltr'><strong>inge·</strong></span> 
     </span>
     <span class='ocr_line' id='line_1_7' title="bbox 186 1115 1135 1197; baseline 0.002 -20"><span class='ocrx_word' id='word_1_38' title='bbox 186 1120 327 1191; x_wconf 87' lang='lat' dir='ltr'><strong>rentes;</strong></span> <span class='ocrx_word' id='word_1_39' title='bbox 358 1121 398 1177; x_wconf 91' lang='lat' dir='ltr'><strong>ut</strong></span> <span class='ocrx_word' id='word_1_40' title='bbox 426 1133 543 1178; x_wconf 87' lang='lat' dir='ltr'><strong>eorum</strong></span> <span class='ocrx_word' id='word_1_41' title='bbox 571 1115 631 1197; x_wconf 92' lang='lat' dir='ltr'><strong>qui</strong></span> <span class='ocrx_word' id='word_1_42' title='bbox 658 1115 853 1179; x_wconf 88' lang='lat' dir='ltr'><strong>ceciderant</strong></span> <span class='ocrx_word' id='word_1_43' title='bbox 881 1115 924 1179; x_wconf 88' lang='lat' dir='ltr'><strong>de</strong></span> <span class='ocrx_word' id='word_1_44' title='bbox 955 1116 1068 1180; x_wconf 89' lang='lat' dir='ltr'><strong>Scotis</strong></span> <span class='ocrx_word' id='word_1_45' title='bbox 1101 1117 1135 1179; x_wconf 91' lang='lat' dir='ltr'><strong>in</strong></span> 
     </span>
    </p>

    <p class='ocr_par' dir='ltr' id='par_1_3' title="bbox 185 1211 1137 1397">
     <span class='ocr_line' id='line_1_8' title="bbox 186 1211 1137 1298; baseline 0 -20"><span class='ocrx_word' id='word_1_46' title='bbox 186 1212 254 1278; x_wconf 89' lang='lat' dir='ltr'><strong>boc</strong></span> <span class='ocrx_word' id='word_1_47' title='bbox 275 1211 397 1295; x_wconf 86' lang='lat' dir='ltr'><strong>praelio</strong></span> <span class='ocrx_word' id='word_1_48' title='bbox 418 1232 582 1277; x_wconf 91' lang='lat' dir='ltr'><strong>numerus</strong></span> <span class='ocrx_word' id='word_1_49' title='bbox 610 1215 828 1281; x_wconf 84' lang='lat' dir='ltr'><strong>existimetur</strong></span> <span class='ocrx_word' id='word_1_50' title='bbox 852 1234 874 1279; x_wconf 90' lang='lat' dir='ltr'><strong>a</strong></span> <span class='ocrx_word' id='word_1_51' title='bbox 899 1215 1056 1298; x_wconf 90' lang='lat' dir='ltr'><strong>pluribus</strong></span> <span class='ocrx_word' id='word_1_52' title='bbox 1088 1216 1137 1279; x_wconf 90' lang='lat' dir='ltr'><strong>vi·</strong></span> 
     </span>
     <span class='ocr_line' id='line_1_9' title="bbox 185 1311 1136 1397; baseline 0.003 -22"><span class='ocrx_word' id='word_1_53' title='bbox 185 1312 277 1395; x_wconf 82' lang='lat' dir='ltr'><strong>giuti</strong></span> <span class='ocrx_word' id='word_1_54' title='bbox 290 1311 398 1376; x_wconf 90' lang='lat' dir='ltr'><strong>millia</strong></span> <span class='ocrx_word' id='word_1_55' title='bbox 414 1314 616 1378; x_wconf 84' lang='lat' dir='ltr'><strong>excessisse.</strong></span> <span class='ocrx_word' id='word_1_56' title='bbox 668 1313 711 1377; x_wconf 92' lang='lat' dir='ltr'><strong>ln</strong></span> <span class='ocrx_word' id='word_1_57' title='bbox 729 1315 897 1397; x_wconf 94' lang='lat' dir='ltr'><strong>principio</strong></span> <span class='ocrx_word' id='word_1_58' title='bbox 915 1322 1031 1378; x_wconf 90' lang='lat' dir='ltr'><strong>autem</strong></span> <span class='ocrx_word' id='word_1_59' title='bbox 1049 1334 1136 1397; x_wconf 89' lang='lat' dir='ltr'><strong>prae·</strong></span> 
     </span>
    </p>

    <p class='ocr_par' dir='ltr' id='par_1_4' title="bbox 186 1411 1137 1496">
     <span class='ocr_line' id='line_1_10' title="bbox 186 1411 1137 1496; baseline 0.003 -22"><span class='ocrx_word' id='word_1_60' title='bbox 186 1411 225 1475; x_wconf 93' lang='lat' dir='ltr'><strong>lii</strong></span> <span class='ocrx_word' id='word_1_61' title='bbox 248 1420 441 1494; x_wconf 78' lang='lat' dir='ltr'><strong>praeceptor</strong></span> <span class='ocrx_word' id='word_1_62' title='bbox 466 1413 597 1477; x_wconf 87' lang='lat' dir='ltr'><strong>militiae</strong></span> <span class='ocrx_word' id='word_1_63' title='bbox 624 1413 761 1496; x_wconf 88' lang='lat' dir='ltr'><strong>Templi</strong></span> <span class='ocrx_word' id='word_1_64' title='bbox 791 1414 826 1477; x_wconf 93' lang='lat' dir='ltr'><strong>in</strong></span> <span class='ocrx_word' id='word_1_65' title='bbox 853 1412 995 1495; x_wconf 82' lang='lat' dir='ltr'><strong>Anglia‚</strong></span> <span class='ocrx_word' id='word_1_66' title='bbox 1019 1421 1054 1477; x_wconf 93' lang='lat' dir='ltr'><strong>et</strong></span> <span class='ocrx_word' id='word_1_67' title='bbox 1081 1434 1137 1478; x_wconf 93' lang='lat' dir='ltr'><strong>so·</strong></span> 
     </span>
    </p>

    <p class='ocr_par' dir='ltr' id='par_1_5' title="bbox 186 1510 1137 1595">
     <span class='ocr_line' id='line_1_11' title="bbox 186 1510 1137 1595; baseline 0.002 -20"><span class='ocrx_word' id='word_1_68' title='bbox 186 1512 263 1575; x_wconf 91' lang='lat' dir='ltr'><strong>cius</strong></span> <span class='ocrx_word' id='word_1_69' title='bbox 295 1510 383 1594; x_wconf 89' lang='lat' dir='ltr'><strong>ejus,</strong></span> <span class='ocrx_word' id='word_1_70' title='bbox 415 1513 474 1594; x_wconf 91' lang='lat' dir='ltr'><strong>qui</strong></span> <span class='ocrx_word' id='word_1_71' title='bbox 509 1520 584 1576; x_wconf 92' lang='lat' dir='ltr'><strong>erat</strong></span> <span class='ocrx_word' id='word_1_72' title='bbox 617 1519 808 1595; x_wconf 88' lang='lat' dir='ltr'><strong>praeceptor</strong></span> <span class='ocrx_word' id='word_1_73' title='bbox 840 1513 980 1591; x_wconf 89' lang='lat' dir='ltr'><strong>Scotiae,</strong></span> <span class='ocrx_word' id='word_1_74' title='bbox 1018 1513 1137 1577; x_wconf 80' lang='lat' dir='ltr'><strong>Scoto</strong></span> 
     </span>
    </p>

    <p class='ocr_par' dir='ltr' id='par_1_6' title="bbox 186 1611 1136 1795">
     <span class='ocr_line' id='line_1_12' title="bbox 186 1611 1136 1695; baseline 0.001 -20"><span class='ocrx_word' id='word_1_75' title='bbox 186 1630 265 1675; x_wconf 91' lang='lat' dir='ltr'><strong>rum</strong></span> <span class='ocrx_word' id='word_1_76' title='bbox 289 1611 418 1692; x_wconf 80' lang='lat' dir='ltr'><strong>agmini</strong></span> <span class='ocrx_word' id='word_1_77' title='bbox 441 1631 479 1674; x_wconf 89' lang='lat' dir='ltr'><strong>se</strong></span> <span class='ocrx_word' id='word_1_78' title='bbox 501 1612 731 1676; x_wconf 83' lang='lat' dir='ltr'><strong>immiscentes</strong></span> <span class='ocrx_word' id='word_1_79' title='bbox 754 1620 835 1677; x_wconf 91' lang='lat' dir='ltr'><strong>ante</strong></span> <span class='ocrx_word' id='word_1_80' title='bbox 858 1613 958 1690; x_wconf 89' lang='lat' dir='ltr'><strong>alios,</strong></span> <span class='ocrx_word' id='word_1_81' title='bbox 980 1613 1136 1695; x_wconf 82' lang='lat' dir='ltr'><strong>oppressi</strong></span> 
     </span>
     <span class='ocr_line' id='line_1_13' title="bbox 186 1710 848 1795; baseline 0 -20"><span class='ocrx_word' id='word_1_82' title='bbox 186 1728 306 1775; x_wconf 82' lang='lat' dir='ltr'><strong>eornm</strong></span> <span class='ocrx_word' id='word_1_83' title='bbox 323 1710 554 1790; x_wconf 89' lang='lat' dir='ltr'><strong>multitudine,</strong></span> <span class='ocrx_word' id='word_1_84' title='bbox 570 1718 652 1775; x_wconf 90' lang='lat' dir='ltr'><strong>sunt</strong></span> <span class='ocrx_word' id='word_1_85' title='bbox 669 1713 848 1795; x_wconf 87' lang='lat' dir='ltr'><strong>perempti.</strong></span> 
     </span>
    </p>

    <p class='ocr_par' dir='ltr' id='par_1_7' title="bbox 186 1802 1256 3091">
     <span class='ocr_line' id='line_1_14' title="bbox 238 1802 1139 1894; baseline 0.002 -21"><span class='ocrx_word' id='word_1_86' title='bbox 238 1802 365 1887; x_wconf 82' lang='lat' dir='ltr'><strong>&#39;Scoti,</strong></span> <span class='ocrx_word' id='word_1_87' title='bbox 374 1810 456 1874; x_wconf 90' lang='lat' dir='ltr'><strong>dum</strong></span> <span class='ocrx_word' id='word_1_88' title='bbox 466 1812 617 1894; x_wconf 88' lang='lat' dir='ltr'><strong>apraelio</strong></span> <span class='ocrx_word' id='word_1_89' title='bbox 626 1811 796 1893; x_wconf 80' lang='lat' dir='ltr'><strong>lugerent,</strong></span> <span class='ocrx_word' id='word_1_90' title='bbox 805 1832 867 1894; x_wconf 91' lang='lat' dir='ltr'><strong>per</strong></span> <span class='ocrx_word' id='word_1_91' title='bbox 876 1811 1042 1876; x_wconf 90' lang='lat' dir='ltr'><strong>villamde</strong></span> <span class='ocrx_word' id='word_1_92' title='bbox 1052 1811 1139 1876; x_wconf 90' lang='lat' dir='ltr'><strong>Stri-</strong></span> 
     </span>
     <span class='ocr_line' id='line_1_15' title="bbox 187 1908 1136 1995; baseline 0 -20"><span class='ocrx_word' id='word_1_93' title='bbox 187 1908 283 1976; x_wconf 84' lang='lat' dir='ltr'><strong>velin</strong></span> <span class='ocrx_word' id='word_1_94' title='bbox 301 1916 531 1985; x_wconf 89' lang='lat' dir='ltr'><strong>transeuntes,</strong></span> <span class='ocrx_word' id='word_1_95' title='bbox 554 1912 664 1995; x_wconf 85' lang='lat' dir='ltr'><strong>ipsam</strong></span> <span class='ocrx_word' id='word_1_96' title='bbox 680 1919 899 1994; x_wconf 80' lang='lat' dir='ltr'><strong>castrumque</strong></span> <span class='ocrx_word' id='word_1_97' title='bbox 917 1912 1046 1994; x_wconf 89' lang='lat' dir='ltr'><strong>pariter</strong></span> <span class='ocrx_word' id='word_1_98' title='bbox 1059 1931 1136 1975; x_wconf 90' lang='lat' dir='ltr'><strong>suc·</strong></span> 
     </span>
     <span class='ocr_line' id='line_1_16' title="bbox 186 2009 1256 2107; baseline -0.002 -32"><span class='ocrx_word' id='word_1_99' title='bbox 186 2009 389 2075; x_wconf 84' lang='lat' dir='ltr'><strong>cenderunt.</strong></span> <span class='ocrx_word' id='word_1_100' title='bbox 440 2009 577 2089; x_wconf 89' lang='lat' dir='ltr'><strong>Quarta</strong></span> <span class='ocrx_word' id='word_1_101' title='bbox 596 2031 678 2075; x_wconf 85' lang='lat' dir='ltr'><strong>vero</strong></span> <span class='ocrx_word' id='word_1_102' title='bbox 700 2011 755 2075; x_wconf 89' lang='lat' dir='ltr'><strong>dio</strong></span> <span class='ocrx_word' id='word_1_103' title='bbox 776 2019 855 2093; x_wconf 90' lang='lat' dir='ltr'><strong>post</strong></span> <span class='ocrx_word' id='word_1_104' title='bbox 872 2011 1028 2093; x_wconf 86' lang='lat' dir='ltr'><strong>praelium</strong></span> <span class='ocrx_word' id='word_1_105' title='bbox 1048 2017 1256 2107; x_wconf 43' lang='lat' dir='ltr'><strong>com-3333</strong></span> 
     </span>
     <span class='ocr_line' id='line_1_17' title="bbox 189 2109 1244 2193; baseline -0.006 -20"><span class='ocrx_word' id='word_1_106' title='bbox 189 2110 345 2186; x_wconf 89' lang='lat' dir='ltr'><strong>missum,</strong></span> <span class='ocrx_word' id='word_1_107' title='bbox 361 2109 454 2174; x_wconf 89' lang='lat' dir='ltr'><strong>venit</strong></span> <span class='ocrx_word' id='word_1_108' title='bbox 477 2130 539 2175; x_wconf 86' lang='lat' dir='ltr'><strong>rex</strong></span> <span class='ocrx_word' id='word_1_109' title='bbox 557 2110 600 2174; x_wconf 88' lang='lat' dir='ltr'><strong>ad</strong></span> <span class='ocrx_word' id='word_1_110' title='bbox 619 2110 737 2174; x_wconf 86' lang='lat' dir='ltr'><strong>villam</strong></span> <span class='ocrx_word' id='word_1_111' title='bbox 757 2111 799 2175; x_wconf 88' lang='lat' dir='ltr'><strong>de</strong></span> <span class='ocrx_word' id='word_1_112' title='bbox 821 2109 1007 2189; x_wconf 84' lang='lat' dir='ltr'><strong>Strivelin3</strong></span> <span class='ocrx_word' id='word_1_113' title='bbox 1035 2130 1138 2193; x_wconf 83' lang='lat' dir='ltr'><strong>quam</strong></span> <span class='ocrx_word' id='word_1_114' title='bbox 1150 2119 1244 2167; x_wconf 66' lang='lat' dir='ltr'><strong>sttruos</strong></span> 
     </span>
     <span class='ocr_line' id='line_1_18' title="bbox 187 2209 1139 2289; baseline -0.002 -14"><span class='ocrx_word' id='word_1_115' title='bbox 187 2228 391 2275; x_wconf 83' lang='lat' dir='ltr'><strong>succensam</strong></span> <span class='ocrx_word' id='word_1_116' title='bbox 420 2210 609 2289; x_wconf 87' lang='lat' dir='ltr'><strong>inveniens,</strong></span> <span class='ocrx_word' id='word_1_117' title='bbox 636 2217 675 2275; x_wconf 92' lang='lat' dir='ltr'><strong>ut</strong></span> <span class='ocrx_word' id='word_1_118' title='bbox 698 2229 720 2273; x_wconf 92' lang='lat' dir='ltr'><strong>a</strong></span> <span class='ocrx_word' id='word_1_119' title='bbox 742 2210 884 2274; x_wconf 85' lang='lat' dir='ltr'><strong>laesione</strong></span> <span class='ocrx_word' id='word_1_120' title='bbox 906 2228 971 2273; x_wconf 89' lang='lat' dir='ltr'><strong>sua</strong></span> <span class='ocrx_word' id='word_1_121' title='bbox 995 2209 1139 2273; x_wconf 91' lang='lat' dir='ltr'><strong>celerius</strong></span> 
     </span>
     <span class='ocr_line' id='line_1_19' title="bbox 188 2308 1140 2387; baseline -0.002 -13"><span class='ocrx_word' id='word_1_122' title='bbox 188 2308 459 2387; x_wconf 87' lang='lat' dir='ltr'><strong>convalesceret,</strong></span> <span class='ocrx_word' id='word_1_123' title='bbox 490 2310 527 2372; x_wconf 95' lang='lat' dir='ltr'><strong>in</strong></span> <span class='ocrx_word' id='word_1_124' title='bbox 556 2308 658 2374; x_wconf 92' lang='lat' dir='ltr'><strong>domo</strong></span> <span class='ocrx_word' id='word_1_125' title='bbox 691 2310 836 2374; x_wconf 80' lang='lat' dir='ltr'><strong>fratrum</strong></span> <span class='ocrx_word' id='word_1_126' title='bbox 868 2308 1140 2373; x_wconf 88' lang='lat' dir='ltr'><strong>Praedicatorum</strong></span> 
     </span>
     <span class='ocr_line' id='line_1_20' title="bbox 190 2408 1140 2493; baseline 0.001 -22"><span class='ocrx_word' id='word_1_127' title='bbox 190 2428 254 2493; x_wconf 88' lang='lat' dir='ltr'><strong>per</strong></span> <span class='ocrx_word' id='word_1_128' title='bbox 277 2408 350 2472; x_wconf 89' lang='lat' dir='ltr'><strong>dies</strong></span> <span class='ocrx_word' id='word_1_129' title='bbox 371 2409 563 2491; x_wconf 87' lang='lat' dir='ltr'><strong>quindecim</strong></span> <span class='ocrx_word' id='word_1_130' title='bbox 592 2428 723 2473; x_wconf 88' lang='lat' dir='ltr'><strong>moram</strong></span> <span class='ocrx_word' id='word_1_131' title='bbox 746 2409 838 2475; x_wconf 85' lang='lat' dir='ltr'><strong>lecit.</strong></span> <span class='ocrx_word' id='word_1_132' title='bbox 891 2409 1036 2473; x_wconf 91' lang='lat' dir='ltr'><strong>Interim</strong></span> <span class='ocrx_word' id='word_1_133' title='bbox 1059 2428 1140 2472; x_wconf 87' lang='lat' dir='ltr'><strong>vero</strong></span> 
     </span>
     <span class='ocr_line' id='line_1_21' title="bbox 190 2508 1138 2591; baseline -0.003 -18"><span class='ocrx_word' id='word_1_134' title='bbox 190 2515 325 2591; x_wconf 85' lang='lat' dir='ltr'><strong>partem</strong></span> <span class='ocrx_word' id='word_1_135' title='bbox 353 2515 564 2573; x_wconf 89' lang='lat' dir='ltr'><strong>armatorum</strong></span> <span class='ocrx_word' id='word_1_136' title='bbox 591 2529 731 2573; x_wconf 85' lang='lat' dir='ltr'><strong>suorum</strong></span> <span class='ocrx_word' id='word_1_137' title='bbox 759 2510 854 2573; x_wconf 90' lang='lat' dir='ltr'><strong>misit</strong></span> <span class='ocrx_word' id='word_1_138' title='bbox 885 2509 929 2573; x_wconf 89' lang='lat' dir='ltr'><strong>ad</strong></span> <span class='ocrx_word' id='word_1_139' title='bbox 958 2509 1075 2573; x_wconf 85' lang='lat' dir='ltr'><strong>villam</strong></span> <span class='ocrx_word' id='word_1_140' title='bbox 1102 2508 1138 2571; x_wconf 89' lang='lat' dir='ltr'><strong>S.</strong></span> 
     </span>
     <span class='ocr_line' id='line_1_22' title="bbox 189 2601 1142 2692; baseline -0.002 -19"><span class='ocrx_word' id='word_1_141' title='bbox 189 2606 341 2673; x_wconf 71' lang='lat' dir='ltr'><strong>loannis</strong></span> <span class='ocrx_word' id='word_1_142' title='bbox 369 2607 412 2671; x_wconf 90' lang='lat' dir='ltr'><strong>de</strong></span> <span class='ocrx_word' id='word_1_143' title='bbox 439 2601 567 2683; x_wconf 71' lang='grc' dir='ltr'><strong>Ῥείη,</strong></span> <span class='ocrx_word' id='word_1_144' title='bbox 593 2610 653 2692; x_wconf 92' lang='lat' dir='ltr'><strong>qui</strong></span> <span class='ocrx_word' id='word_1_145' title='bbox 680 2609 892 2673; x_wconf 90' lang='lat' dir='ltr'><strong>invenientes</strong></span> <span class='ocrx_word' id='word_1_146' title='bbox 924 2628 999 2672; x_wconf 89' lang='lat' dir='ltr'><strong>eam</strong></span> <span class='ocrx_word' id='word_1_147' title='bbox 1033 2608 1142 2672; x_wconf 92' lang='lat' dir='ltr'><strong>homi-</strong></span> 
     </span>
     <span class='ocr_line' id='line_1_23' title="bbox 191 2707 1142 2791; baseline -0.001 -20"><span class='ocrx_word' id='word_1_148' title='bbox 191 2708 294 2771; x_wconf 89' lang='lat' dir='ltr'><strong>nibus</strong></span> <span class='ocrx_word' id='word_1_149' title='bbox 326 2707 493 2790; x_wconf 89' lang='lat' dir='ltr'><strong>bonisque</strong></span> <span class='ocrx_word' id='word_1_150' title='bbox 524 2707 601 2771; x_wconf 88' lang='lat' dir='ltr'><strong>aliis</strong></span> <span class='ocrx_word' id='word_1_151' title='bbox 632 2727 790 2787; x_wconf 84' lang='lat' dir='ltr'><strong>vacuam,</strong></span> <span class='ocrx_word' id='word_1_152' title='bbox 830 2707 1055 2791; x_wconf 91' lang='lat' dir='ltr'><strong>domibusque</strong></span> <span class='ocrx_word' id='word_1_153' title='bbox 1089 2708 1142 2771; x_wconf 88' lang='lat' dir='ltr'><strong>in·</strong></span> 
     </span>
     <span class='ocr_line' id='line_1_24' title="bbox 191 2806 1142 2891; baseline 0 -20"><span class='ocrx_word' id='word_1_154' title='bbox 191 2806 315 2871; x_wconf 89' lang='lat' dir='ltr'><strong>cendio</strong></span> <span class='ocrx_word' id='word_1_155' title='bbox 331 2806 566 2889; x_wconf 80' lang='lat' dir='ltr'><strong>conflagratis,</strong></span> <span class='ocrx_word' id='word_1_156' title='bbox 589 2815 808 2873; x_wconf 86' lang='lat' dir='ltr'><strong>revertuntur</strong></span> <span class='ocrx_word' id='word_1_157' title='bbox 827 2807 870 2871; x_wconf 92' lang='lat' dir='ltr'><strong>ad</strong></span> <span class='ocrx_word' id='word_1_158' title='bbox 888 2828 1016 2891; x_wconf 83' lang='lat' dir='ltr'><strong>regem.</strong></span> <span class='ocrx_word' id='word_1_159' title='bbox 1069 2807 1142 2871; x_wconf 84' lang='lat' dir='ltr'><strong>Ex·</strong></span> 
     </span>
     <span class='ocr_line' id='line_1_25' title="bbox 192 2905 1142 2991; baseline -0.001 -20"><span class='ocrx_word' id='word_1_160' title='bbox 192 2905 273 2971; x_wconf 87' lang='lat' dir='ltr'><strong>inde</strong></span> <span class='ocrx_word' id='word_1_161' title='bbox 305 2926 368 2971; x_wconf 86' lang='lat' dir='ltr'><strong>rex</strong></span> <span class='ocrx_word' id='word_1_162' title='bbox 400 2914 551 2972; x_wconf 89' lang='lat' dir='ltr'><strong>castrum</strong></span> <span class='ocrx_word' id='word_1_163' title='bbox 584 2906 627 2970; x_wconf 89' lang='lat' dir='ltr'><strong>de</strong></span> <span class='ocrx_word' id='word_1_164' title='bbox 659 2907 822 2973; x_wconf 88' lang='lat' dir='ltr'><strong>Strivelin</strong></span> <span class='ocrx_word' id='word_1_165' title='bbox 855 2909 1008 2991; x_wconf 90' lang='lat' dir='ltr'><strong>reparari</strong></span> <span class='ocrx_word' id='word_1_166' title='bbox 1048 2907 1142 2984; x_wconf 82' lang='lat' dir='ltr'><strong>lecit,</strong></span> 
     </span>
     <span class='ocr_line' id='line_1_26' title="bbox 191 3005 1143 3091; baseline -0.003 -19"><span class='ocrx_word' id='word_1_167' title='bbox 191 3026 235 3072; x_wconf 84' lang='lat' dir='ltr'><strong>ac</strong></span> <span class='ocrx_word' id='word_1_168' title='bbox 259 3005 468 3071; x_wconf 82' lang='lat' dir='ltr'><strong>victualibus</strong></span> <span class='ocrx_word' id='word_1_169' title='bbox 490 3008 699 3087; x_wconf 88' lang='lat' dir='ltr'><strong>restaurari;</strong></span> <span class='ocrx_word' id='word_1_170' title='bbox 733 3008 917 3091; x_wconf 88' lang='lat' dir='ltr'><strong>posuitque</strong></span> <span class='ocrx_word' id='word_1_171' title='bbox 944 3006 1143 3090; x_wconf 85' lang='lat' dir='ltr'><strong>praesidium</strong></span> 
     </span>
    </p>
   </div>
   <div class='ocr_carea' id='block_1_3' title="bbox 192 3105 1145 3190">
    <p class='ocr_par' dir='ltr' id='par_1_8' title="bbox 192 3105 1145 3190">
     <span class='ocr_line' id='line_1_27' title="bbox 192 3105 1145 3190; baseline -0.003 -17"><span class='ocrx_word' id='word_1_172' title='bbox 192 3114 414 3173; x_wconf 82' lang='lat' dir='ltr'><strong>armatorum.</strong></span> <span class='ocrx_word' id='word_1_173' title='bbox 473 3105 702 3190; x_wconf 88' lang='lat' dir='ltr'><strong>Recuperatis</strong></span> <span class='ocrx_word' id='word_1_174' title='bbox 732 3107 871 3171; x_wconf 90' lang='lat' dir='ltr'><strong>tandem</strong></span> <span class='ocrx_word' id='word_1_175' title='bbox 904 3107 1035 3170; x_wconf 88' lang='lat' dir='ltr'><strong>viribus</strong></span> <span class='ocrx_word' id='word_1_176' title='bbox 1065 3126 1145 3189; x_wconf 87' lang='lat' dir='ltr'><strong>pro-</strong></span> 
     </span>
    </p>
   </div>
   <div class='ocr_carea' id='block_1_4' title="bbox 146 3201 1144 3499">
    <p class='ocr_par' dir='ltr' id='par_1_9' title="bbox 146 3201 1144 3499">
     <span class='ocr_line' id='line_1_28' title="bbox 192 3201 1144 3290; baseline -0.002 -21"><span class='ocrx_word' id='word_1_177' title='bbox 192 3206 359 3269; x_wconf 87' lang='lat' dir='ltr'><strong>ficiscitur</strong></span> <span class='ocrx_word' id='word_1_178' title='bbox 386 3225 448 3270; x_wconf 86' lang='lat' dir='ltr'><strong>rex</strong></span> <span class='ocrx_word' id='word_1_179' title='bbox 479 3225 589 3290; x_wconf 91' lang='lat' dir='ltr'><strong>usque</strong></span> <span class='ocrx_word' id='word_1_180' title='bbox 616 3201 842 3271; x_wconf 72' lang='lat' dir='ltr'><strong>*Abourcorn</strong></span> <span class='ocrx_word' id='word_1_181' title='bbox 864 3205 972 3288; x_wconf 85' lang='lat' dir='ltr'><strong>juxta</strong></span> <span class='ocrx_word' id='word_1_182' title='bbox 1003 3204 1144 3284; x_wconf 86' lang='lat' dir='ltr'><strong>Quenes</strong></span> 
     </span>
     <span class='ocr_line' id='line_1_29' title="bbox 192 3305 1144 3390; baseline -0.003 -21"><span class='ocrx_word' id='word_1_183' title='bbox 192 3305 290 3382; x_wconf 82' lang='lat' dir='ltr'><strong>ferie,</strong></span> <span class='ocrx_word' id='word_1_184' title='bbox 310 3306 368 3369; x_wconf 91' lang='lat' dir='ltr'><strong>ubi</strong></span> <span class='ocrx_word' id='word_1_185' title='bbox 387 3307 528 3370; x_wconf 90' lang='lat' dir='ltr'><strong>stabant</strong></span> <span class='ocrx_word' id='word_1_186' title='bbox 553 3326 660 3371; x_wconf 90' lang='lat' dir='ltr'><strong>naves</strong></span> <span class='ocrx_word' id='word_1_187' title='bbox 681 3326 760 3390; x_wconf 90' lang='lat' dir='ltr'><strong>quae</strong></span> <span class='ocrx_word' id='word_1_188' title='bbox 778 3305 988 3370; x_wconf 86' lang='lat' dir='ltr'><strong>victualibus</strong></span> <span class='ocrx_word' id='word_1_189' title='bbox 1009 3309 1144 3367; x_wconf 87' lang='lat' dir='ltr'><strong>onustae</strong></span> 
     </span>
     <span class='ocr_line' id='line_1_30' title="bbox 146 3404 621 3499; baseline 0 -29"><span class='ocrx_word' id='word_1_190' title='bbox 146 3490 150 3499; x_wconf 30' lang='grc' dir='ltr'>Ι</span> <span class='ocrx_word' id='word_1_191' title='bbox 192 3405 237 3470; x_wconf 91' lang='lat' dir='ltr'><strong>de</strong></span> <span class='ocrx_word' id='word_1_192' title='bbox 254 3404 430 3469; x_wconf 88' lang='lat' dir='ltr'><strong>Bercwico</strong></span> <span class='ocrx_word' id='word_1_193' title='bbox 444 3413 621 3470; x_wconf 87' lang='lat' dir='ltr'><strong>venerant.</strong></span> 
     </span>
    </p>
   </div>
   <div class='ocr_carea' id='block_1_5' title="bbox 193 3555 1148 3762">
    <p class='ocr_par' dir='ltr' id='par_1_10' title="bbox 193 3555 1148 3762">
     <span class='ocr_line' id='line_1_31' title="bbox 230 3555 1148 3621; baseline -0.003 -14"><span class='ocrx_word' id='word_1_194' title='bbox 230 3555 238 3586; x_wconf 82' lang='lat'><strong>¹</strong></span> <span class='ocrx_word' id='word_1_195' title='bbox 257 3557 328 3607; x_wconf 81' lang='lat' dir='ltr'><strong>Here</strong></span> <span class='ocrx_word' id='word_1_196' title='bbox 339 3557 523 3620; x_wconf 74' lang='lat' dir='ltr'><strong>Walsingbnm,</strong></span> <span class='ocrx_word' id='word_1_197' title='bbox 534 3574 560 3620; x_wconf 89' lang='lat' dir='ltr'><strong>p.</strong></span> <span class='ocrx_word' id='word_1_198' title='bbox 569 3563 611 3620; x_wconf 77' lang='grc'><strong>75,</strong></span> <span class='ocrx_word' id='word_1_199' title='bbox 619 3558 656 3606; x_wconf 91' lang='lat' dir='ltr'><strong>in·</strong></span> <span class='ocrx_word' id='word_1_200' title='bbox 683 3560 825 3621; x_wconf 83' lang='lat' dir='ltr'><strong>collocavit,</strong></span> <span class='ocrx_word' id='word_1_201' title='bbox 841 3560 929 3607; x_wconf 81' lang='lat' dir='ltr'><strong>dicens</strong></span> <span class='ocrx_word' id='word_1_202' title='bbox 945 3558 982 3606; x_wconf 86' lang='lat' dir='ltr'><strong>eis</strong></span> <span class='ocrx_word' id='word_1_203' title='bbox 1000 3556 1083 3618; x_wconf 82' lang='lat' dir='ltr'><strong>patria</strong></span> <span class='ocrx_word' id='word_1_204' title='bbox 1099 3556 1148 3605; x_wconf 90' lang='lat' dir='ltr'><strong>lin·</strong></span> 
     </span>
     <span class='ocr_line' id='line_1_32' title="bbox 193 3626 1148 3692; baseline -0.003 -14"><span class='ocrx_word' id='word_1_205' title='bbox 193 3628 331 3692; x_wconf 77' lang='lat' dir='ltr'><strong>tenrolates</strong></span> <span class='ocrx_word' id='word_1_206' title='bbox 352 3642 369 3676; x_wconf 81' lang='lat' dir='ltr'><strong>a</strong></span> <span class='ocrx_word' id='word_1_207' title='bbox 390 3628 590 3678; x_wconf 80' lang='lat' dir='ltr'><strong>circumstantia!</strong></span> <span class='ocrx_word' id='word_1_208' title='bbox 615 3642 657 3677; x_wconf 82' lang='lat' dir='ltr'><strong>ac·</strong></span> <span class='ocrx_word' id='word_1_209' title='bbox 684 3644 744 3691; x_wconf 74' lang='lat' dir='ltr'><strong>gua,</strong></span> <span class='ocrx_word' id='word_1_210' title='bbox 769 3630 801 3678; x_wconf 91' lang='lat'><strong>‘1</strong></span> <span class='ocrx_word' id='word_1_211' title='bbox 823 3629 890 3678; x_wconf 85' lang='lat' dir='ltr'><strong>bane</strong></span> <span class='ocrx_word' id='word_1_212' title='bbox 917 3626 1026 3689; x_wconf 80' lang='lat' dir='ltr'><strong>brought</strong></span> <span class='ocrx_word' id='word_1_213' title='bbox 1048 3642 1099 3688; x_wconf 86' lang='lat' dir='ltr'><strong>you</strong></span> <span class='ocrx_word' id='word_1_214' title='bbox 1121 3632 1148 3676; x_wconf 93' lang='lat' dir='ltr'><strong>to</strong></span> 
     </span>
     <span class='ocr_line' id='line_1_33' title="bbox 194 3692 1050 3762; baseline -0.002 -14"><span class='ocrx_word' id='word_1_215' title='bbox 194 3703 273 3748; x_wconf 86' lang='lat' dir='ltr'><strong>count</strong></span> <span class='ocrx_word' id='word_1_216' title='bbox 287 3696 317 3747; x_wconf 80' lang='lat' dir='ltr'><strong>of</strong></span> <span class='ocrx_word' id='word_1_217' title='bbox 329 3696 372 3747; x_wconf 86' lang='lat' dir='ltr'><strong>tbe</strong></span> <span class='ocrx_word' id='word_1_218' title='bbox 391 3698 471 3748; x_wconf 85' lang='lat' dir='ltr'><strong>battle</strong></span> <span class='ocrx_word' id='word_1_219' title='bbox 493 3697 523 3747; x_wconf 85' lang='lat' dir='ltr'><strong>ot&#39;</strong></span> <span class='ocrx_word' id='word_1_220' title='bbox 541 3698 658 3759; x_wconf 80' lang='lat' dir='ltr'><strong>Falkirk,</strong></span> <span class='ocrx_word' id='word_1_221' title='bbox 683 3700 725 3750; x_wconf 85' lang='lat' dir='ltr'><strong>the</strong></span> <span class='ocrx_word' id='word_1_222' title='bbox 737 3699 817 3762; x_wconf 75' lang='lat' dir='ltr'><strong>kyng,</strong></span> <span class='ocrx_word' id='word_1_223' title='bbox 827 3699 878 3760; x_wconf 88' lang='lat' dir='ltr'><strong>bop</strong></span> <span class='ocrx_word' id='word_1_224' title='bbox 890 3698 967 3761; x_wconf 77' lang='lat' dir='ltr'><strong>gilye</strong></span> <span class='ocrx_word' id='word_1_225' title='bbox 979 3692 1050 3747; x_wconf 66' lang='lat' dir='ltr'><strong>kun!</strong></span> 
     </span>
    </p>
   </div>
   <div class='ocr_carea' id='block_1_6' title="bbox 193 3767 1150 3926">
    <p class='ocr_par' dir='ltr' id='par_1_11' title="bbox 193 3767 1150 3926">
     <span class='ocr_line' id='line_1_34' title="bbox 193 3767 1150 3854; baseline 0.01 -24"><span class='ocrx_word' id='word_1_226' title='bbox 193 3767 342 3831; x_wconf 60' lang='lat' dir='ltr'><strong>b‘ssmfflss</strong></span> <span class='ocrx_word' id='word_1_227' title='bbox 358 3768 527 3817; x_wconf 63' lang='lat' dir='ltr'><strong>‘Wilhelfflm</strong></span> <span class='ocrx_word' id='word_1_228' title='bbox 545 3768 659 3829; x_wconf 65' lang='lat' dir='ltr'><strong>W⁸¹¹⁰l⁸</strong></span> <span class='ocrx_word' id='word_1_229' title='bbox 719 3790 730 3823; x_wconf 89' lang='lat'><strong>¹</strong></span> <span class='ocrx_word' id='word_1_230' title='bbox 745 3792 800 3842; x_wconf 89' lang='lat' dir='ltr'><strong>Tbe</strong></span> <span class='ocrx_word' id='word_1_231' title='bbox 818 3793 902 3842; x_wconf 85' lang='lat' dir='ltr'><strong>wbole</strong></span> <span class='ocrx_word' id='word_1_232' title='bbox 918 3792 948 3842; x_wconf 85' lang='lat' dir='ltr'><strong>ot&#39;</strong></span> <span class='ocrx_word' id='word_1_233' title='bbox 960 3791 1003 3842; x_wconf 83' lang='lat' dir='ltr'><strong>tbe</strong></span> <span class='ocrx_word' id='word_1_234' title='bbox 1019 3790 1150 3854; x_wconf 76' lang='lat' dir='ltr'><strong>following</strong></span> 
     </span>
     <span class='ocr_line' id='line_1_35' title="bbox 194 3838 1150 3926; baseline 0.012 -39"><span class='ocrx_word' id='word_1_235' title='bbox 194 3838 337 3888; x_wconf 80' lang='lat' dir='ltr'><strong>construxit</strong></span> <span class='ocrx_word' id='word_1_236' title='bbox 350 3851 436 3900; x_wconf 81' lang='lat' dir='ltr'><strong>sepem</strong></span> <span class='ocrx_word' id='word_1_237' title='bbox 453 3838 658 3887; x_wconf 86' lang='lat' dir='ltr'><strong>interScotornm</strong></span> <span class='ocrx_word' id='word_1_238' title='bbox 684 3863 874 3926; x_wconf 70' lang='lat' dir='ltr'><strong>paragraphis</strong></span> <span class='ocrx_word' id='word_1_239' title='bbox 898 3862 1002 3912; x_wconf 58' lang='lat' dir='ltr'>011„th</span> <span class='ocrx_word' id='word_1_240' title='bbox 1027 3863 1061 3924; x_wconf 68' lang='lat' dir='ltr'><strong>by</strong></span> <span class='ocrx_word' id='word_1_241' title='bbox 1080 3862 1150 3910; x_wconf 60' lang='grc' dir='ltr'><strong>ψῃ.</strong></span> 
     </span>
    </p>
   </div>
   <div class='ocr_carea' id='block_1_7' title="bbox 194 3908 1150 4054">
    <p class='ocr_par' dir='ltr' id='par_1_12' title="bbox 194 3908 1150 4054">
     <span class='ocr_line' id='line_1_36' title="bbox 195 3908 1150 3996; baseline 0.015 -41"><span class='ocrx_word' id='word_1_242' title='bbox 195 3909 335 3959; x_wconf 73' lang='lat' dir='ltr'><strong>examitum</strong></span> <span class='ocrx_word' id='word_1_243' title='bbox 354 3913 380 3957; x_wconf 90' lang='lat' dir='ltr'><strong>et</strong></span> <span class='ocrx_word' id='word_1_244' title='bbox 397 3908 548 3970; x_wconf 75' lang='lat' dir='ltr'><strong>Anglorum,</strong></span> <span class='ocrx_word' id='word_1_245' title='bbox 570 3908 659 3969; x_wconf 75' lang='lat' dir='ltr'><strong>longos</strong></span> <span class='ocrx_word' id='word_1_246' title='bbox 685 3933 810 3996; x_wconf 53' lang='lat' dir='ltr'><strong>singhm</strong></span> <span class='ocrx_word' id='word_1_247' title='bbox 818 3937 860 3988; x_wconf 68' lang='lat'><strong>70</strong></span> <span class='ocrx_word' id='word_1_248' title='bbox 871 3934 991 3983; x_wconf 58' lang='lat' dir='ltr'><strong>„deod</strong></span> <span class='ocrx_word' id='word_1_249' title='bbox 1004 3934 1082 3994; x_wconf 49' lang='grc' dir='ltr'><strong>ΒΨ</strong></span> <span class='ocrx_word' id='word_1_250' title='bbox 1100 3932 1150 3979; x_wconf 68' lang='grc' dir='ltr'><strong>ῑιὶ.</strong></span> 
     </span>
     <span class='ocr_line' id='line_1_37' title="bbox 194 3976 886 4054; baseline 0.004 -28"><span class='ocrx_word' id='word_1_251' title='bbox 194 3980 268 4041; x_wconf 73' lang='lat' dir='ltr'><strong>pulos</strong></span> <span class='ocrx_word' id='word_1_252' title='bbox 284 3979 402 4027; x_wconf 78' lang='lat' dir='ltr'><strong>interrae</strong></span> <span class='ocrx_word' id='word_1_253' title='bbox 415 3978 504 4040; x_wconf 77' lang='lat' dir='ltr'><strong>figens</strong></span> <span class='ocrx_word' id='word_1_254' title='bbox 514 3982 540 4026; x_wconf 84' lang='lat' dir='ltr'><strong>et</strong></span> <span class='ocrx_word' id='word_1_255' title='bbox 550 3992 608 4026; x_wconf 90' lang='lat' dir='ltr'><strong>cum</strong></span> <span class='ocrx_word' id='word_1_256' title='bbox 619 3976 660 4025; x_wconf 82' lang='lat' dir='ltr'><strong>lu</strong></span> <span class='ocrx_word' id='word_1_257' title='bbox 684 4004 761 4054; x_wconf 55' lang='lat' dir='ltr'><strong>men</strong></span> <span class='ocrx_word' id='word_1_258' title='bbox 771 4004 834 4052; x_wconf 50' lang='lat' dir='ltr'><strong>stom</strong></span> <span class='ocrx_word' id='word_1_259' title='bbox 845 4003 886 4053; x_wconf 48' lang='lat' dir='ltr'><strong>M·</strong></span> 
     </span>
    </p>
   </div>
   <div class='ocr_carea' id='block_1_8' title="bbox 195 4048 904 4181">
    <p class='ocr_par' dir='ltr' id='par_1_13' title="bbox 195 4048 894 4181">
     <span class='ocr_line' id='line_1_38' title="bbox 195 4048 754 4121; baseline -0.015 -24"><span class='ocrx_word' id='word_1_260' title='bbox 195 4050 273 4099; x_wconf 78' lang='lat' dir='ltr'><strong>nibus</strong></span> <span class='ocrx_word' id='word_1_261' title='bbox 288 4052 392 4097; x_wconf 85' lang='lat' dir='ltr'><strong>nectens</strong></span> <span class='ocrx_word' id='word_1_262' title='bbox 410 4054 437 4097; x_wconf 81' lang='lat' dir='ltr'><strong>et</strong></span> <span class='ocrx_word' id='word_1_263' title='bbox 451 4048 562 4109; x_wconf 81' lang='lat' dir='ltr'><strong>chordis,</strong></span> <span class='ocrx_word' id='word_1_264' title='bbox 577 4048 630 4095; x_wconf 89' lang='lat' dir='ltr'><strong>ut</strong></span> <span class='ocrx_word' id='word_1_265' title='bbox 622 4063 659 4095; x_wconf 88' lang='lat' dir='ltr'><strong>m-</strong></span> <span class='ocrx_word' id='word_1_266' title='bbox 720 4088 754 4121; x_wconf 57' lang='lat'>⁸</span> 
     </span>
     <span class='ocr_line' id='line_1_39' title="bbox 196 4089 904 4181; baseline -0.056 -10"><span class='ocrx_word' id='word_1_267' title='bbox 196 4132 312 4181; x_wconf 63' lang='lat' dir='ltr'><strong>mcum</strong></span> <span class='ocrx_word' id='word_1_268' title='bbox 321 4118 486 4180; x_wconf 80' lang='lat' dir='ltr'><strong>Anglicorum</strong></span> <span class='ocrx_word' id='word_1_269' title='bbox 498 4118 660 4167; x_wconf 79' lang='lat' dir='ltr'><strong>adsumim-</strong></span> <span class='ocrx_word' id='word_1_270' title='bbox 747 4105 797 4141; x_wconf 84' lang='lat' dir='ltr'><strong>1..e</strong></span> <span class='ocrx_word' id='word_1_271' title='bbox 815 4089 904 4138; x_wconf 83' lang='lat' dir='ltr'><strong>Perth.</strong></span> 
     </span>
    </p>
   </div>
   <div class='ocr_carea' id='block_1_9' title="bbox 195 4171 1147 4320">
    <p class='ocr_par' dir='ltr' id='par_1_14' title="bbox 195 4171 1147 4320">
     <span class='ocr_line' id='line_1_40' title="bbox 196 4171 1147 4252; baseline -0.013 -14"><span class='ocrx_word' id='word_1_272' title='bbox 196 4188 305 4252; x_wconf 82' lang='lat' dir='ltr'><strong>pediret.</strong></span> <span class='ocrx_word' id='word_1_273' title='bbox 335 4187 436 4237; x_wconf 79' lang='lat' dir='ltr'><strong>Deinde</strong></span> <span class='ocrx_word' id='word_1_274' title='bbox 448 4188 589 4250; x_wconf 80' lang='lat' dir='ltr'><strong>pedestrem</strong></span> <span class='ocrx_word' id='word_1_275' title='bbox 601 4189 660 4235; x_wconf 73' lang='lat' dir='ltr'><strong>bco</strong></span> <span class='ocrx_word' id='word_1_276' title='bbox 721 4182 811 4234; x_wconf 77' lang='lat' dir='ltr'><strong>⁴Halt</strong></span> <span class='ocrx_word' id='word_1_277' title='bbox 846 4182 921 4231; x_wconf 80' lang='lat' dir='ltr'><strong>reads</strong></span> <span class='ocrx_word' id='word_1_278' title='bbox 955 4171 1147 4239; x_wconf 61' lang='lat' dir='ltr'><strong>‘Abourtorns</strong></span> 
     </span>
     <span class='ocr_line' id='line_1_41' title="bbox 195 4255 894 4320; baseline -0.011 -11"><span class='ocrx_word' id='word_1_279' title='bbox 195 4268 280 4309; x_wconf 85' lang='lat' dir='ltr'><strong>torum</strong></span> <span class='ocrx_word' id='word_1_280' title='bbox 303 4257 425 4319; x_wconf 86' lang='lat' dir='ltr'><strong>populum</strong></span> <span class='ocrx_word' id='word_1_281' title='bbox 448 4259 475 4307; x_wconf 89' lang='lat' dir='ltr'><strong>in</strong></span> <span class='ocrx_word' id='word_1_282' title='bbox 500 4258 582 4320; x_wconf 84' lang='lat' dir='ltr'><strong>primu</strong></span> <span class='ocrx_word' id='word_1_283' title='bbox 606 4257 662 4307; x_wconf 84' lang='lat' dir='ltr'><strong>acie</strong></span> <span class='ocrx_word' id='word_1_284' title='bbox 686 4270 744 4305; x_wconf 82' lang='lat' dir='ltr'><strong>now</strong></span> <span class='ocrx_word' id='word_1_285' title='bbox 755 4255 894 4303; x_wconf 80' lang='lat' dir='ltr'><strong>Abercom.</strong></span> 
     </span>
    </p>
   </div>
   <div class='ocr_carea' id='block_1_10' title="bbox 0 0 1491 4950">
    <p class='ocr_par' dir='ltr' id='par_1_15' title="bbox 0 0 1491 4950">
     <span class='ocr_line' id='line_1_42' title="bbox 0 0 1491 4950; baseline 0 0"><span class='ocrx_word' id='word_1_286' title='bbox 0 0 1491 4950; x_wconf 95' lang='lat' dir='ltr'><strong> </strong></span> 
     </span>
    </p>
   </div>
  </div>
 </body>
</html>
