2940 4950
177 2726 307 2775 Martyrdom

175 2778 200 2815 ot
210 2777 240 2814 st.
251 2777 313 2815 Peter

174 2827 317 2915 thel'Dcmini·

337 443 404 509 240
694 457 768 506 ure.
792 456 940 504 ‘rarvnrr

339 617 459 681 statim
474 634 551 678 eum
570 623 646 679 tota
663 614 765 679 dorno
787 635 851 679 sua
869 616 1066 698 baptizatus
1087 625 1152 681 est.
1207 615 1292 679 Erat

339 717 442 780 etiam
466 716 502 778 in
530 714 630 791 libro,
656 715 748 798 qnod
774 722 928 798 tempore
952 715 1174 793 Ferdinandi,
1200 715 1292 797 regis

339 815 515 892 Castellee,
531 815 618 878 liber
634 814 781 879 debebat
795 814 951 879 inveniri.

389 1312 581 1376 Pns‘roaas
604 1312 639 1375 in
660 1312 817 1390 Francia,
841 1312 1036 1377 coadunata
1058 1312 1292 1390 multitudine,

337 1410 499 1475 dicebant
530 1431 568 1475 se
600 1411 759 1494 angelica
787 1413 919 1476 visione
951 1413 1111 1489 monitos,
1146 1419 1185 1476 ut
1214 1430 1292 1494 pro·

339 1510 571 1575 ficiscerentur
592 1512 627 1573 in
650 1511 794 1576 Terram
818 1511 979 1577 Sanctam
1002 1519 1123 1576 contra
1149 1510 1292 1575 Sarace-

339 1629 402 1673 nos
428 1618 463 1673 et
485 1610 679 1674 incredulos
706 1612 906 1693 pugnaturi.
958 1611 1193 1674 Transeuntes
1212 1630 1293 1674 vero

340 1708 507 1786 Parisios,
534 1717 702 1773 venerunt
731 1711 929 1790 Bituricas;
961 1711 1021 1775 ubi
1053 1710 1196 1774 suborta
1223 1709 1294 1773 dis·

338 1808 456 1871 cordia
470 1828 545 1871 curn
562 1808 694 1872 civibus
711 1808 750 1874 fit
767 1809 961 1886 conflictus,
979 1817 1015 1875 et
1032 1809 1151 1872 multis
1168 1809 1291 1874 occisis

339 1907 461 1988 reliqui
479 1901 749 1989 ¹dispergnntur.
801 1908 891 1974 Abel
907 1910 1083 1973 Dacorum
1104 1927 1179 1984 rex,
1195 1901 1291 1972 ²eum

341 2006 503 2070 Frisones
542 2007 729 2091 subjugare
769 2008 948 2083 voluisset,
985 2007 1188 2073 interfectus
1228 2017 1291 2072 est.

341 2106 534 2184 Conradus,
558 2115 662 2190 capta
689 2107 852 2190 Neapoli,
882 2108 957 2192 ejus
989 2127 1106 2172 muros
1136 2107 1291 2171 funditus

340 2205 526 2283 destruxit,
544 2214 580 2271 et
597 2207 754 2271 similiter
769 2208 851 2271 fecit
866 2206 909 2271 de
924 2206 1048 2290 Capua
1061 2214 1096 2272 et
1110 2205 1263 2290 Aquino.

385 2705 533 2768 Bnnrus
556 2706 681 2769 Petrus
702 2705 914 2769 Veronensis
936 2725 978 2769 ex
1003 2705 1122 2769 ordine
1146 2706 1292 2770 fratrum

342 2804 625 2879 predicatorum,
647 2804 886 2888 prosequendo
904 2805 1162 2888 inquisitionem
1178 2807 1291 2888 pravi-

340 2904 423 2967 tatis
448 2903 618 2967 haereticae
646 2903 712 2967 sibi
737 2905 781 2968 ab
811 2904 1001 2987 apostolica
1032 2904 1113 2968 sede
1135 2906 1290 2968 commis

339 3022 425 3080 sam,
449 3004 493 3065 ab
516 3004 668 3084 ipsorum
691 3003 928 3067 haereticorum
952 3004 1180 3080 credentibus,
1203 3005 1292 3068 inter

338 3096 493 3178 ³Cumas,
514 3102 572 3165 nbi
595 3101 741 3165 fratrum
765 3122 904 3166 suornm
927 3104 1131 3185 priorarat,
1155 3111 1190 3167 et
1212 3103 1288 3167 Me·

339 3201 515 3265 diolannm
538 3203 672 3265 occisus
694 3202 860 3284 martyrio
883 3210 1076 3266 coronatur.
1132 3201 1176 3266 In
1192 3203 1291 3287 cnjus

339 3302 609 3365 canonizationis
626 3301 761 3377 litteris,
780 3320 857 3383 qnae
875 3301 994 3365 eodem
1016 3321 1107 3365 anno
1129 3301 1224 3366 facta
1239 3310 1291 3366 est

340 3400 489 3477 Perusii,
519 3408 668 3465 testatur
698 3420 791 3483 papa
822 3401 1045 3465 Innocentius
1075 3402 1188 3484 ipsum
1221 3402 1291 3465 fere

339 3518 447 3564 annos
471 3500 615 3582 triginta
641 3501 771 3564 vixisse
797 3501 832 3563 in
855 3500 975 3563 ordine
997 3500 1121 3565 fultum
1150 3507 1292 3565 caterva

339 3598 518 3676 virtutum,
533 3599 742 3681 virginitatis
759 3599 862 3663 etiam
886 3599 1004 3663 florem
1029 3599 1201 3665 illibatum
1221 3620 1291 3665 ser-

339 3716 452 3773 vasse,
479 3699 606 3762 nullius
637 3719 746 3782 usqne
775 3699 942 3775 mortalisx
961 3700 1112 3763 criminis
1140 3719 1292 3784 unquam

339 3797 488 3859 sensisse
505 3799 714 3879 contagium,
734 3818 874 3862 suorum
892 3799 1075 3881 probatum
1091 3800 1291 3865 testimonio

376 4022 382 4051 ¹
400 4019 618 4084 ‘disperduntur;‘
631 4025 668 4072 M.
682 4029 705 4072 et
717 4023 765 4072 Ar.

374 4089 384 4118 ²
399 4096 473 4142 ‘cnm
483 4093 604 4142 Freseone
612 4094 749 4155 subjugare
758 4109 799 4143 vc·
860 4091 872 4124 ⁸
888 4095 905 4143 i.
914 4107 937 4142 e.
950 4090 1091 4157 ‘Comum'
1104 4109 1165 4157 says
1177 4090 1293 4146 D‘Ache·

338 4162 436 4220 luisset,
453 4178 468 4211 a
488 4163 634 4211 Frisonihns
654 4164 801 4213 interiectus
827 4165 889 4213 rius.
925 4163 1015 4215 Cerno.

337 4238 376 4279 eet
387 4227 401 4291 ;’
415 4233 450 4280 Μ.
460 4237 484 4281 et
492 4232 539 4281 Ar.
