2948 4942
244 616 352 658 lidwnrd’n

244 669 333 707 relto

401 424 467 488 386
761 440 833 488 mc.
856 440 1004 488 rnrvnrr

406 599 693 663 ventionaverunt
718 597 777 684 (ut
803 597 916 660 verbis
939 594 1093 679 ejusdem
1116 596 1358 660 conventionis

244 678 348 768 iniiam
406 694 562 775 utamur)
588 698 725 762 domino
748 695 822 777 regi
847 703 882 760 et
905 694 1060 759 Henrico
1085 694 1156 759 filio
1182 714 1247 758 suo
1269 715 1356 778 praa·

406 797 520 874 dictis,
538 796 629 879 quod
647 796 676 859 si
695 815 758 859 rex
773 795 899 859 Scotiae
922 795 1038 877 aliquo
1059 802 1213 877 tempore
1235 813 1257 858 a
1271 794 1356 858 fide·

406 896 507 959 litate
529 896 620 978 regis
636 892 776 977 Angliae
798 901 834 958 et
853 893 1085 958 conventione
1116 892 1283 975 praedicta
1305 913 1358 958 re-

406 994 554 1072 cederet,
585 994 652 1076 ipsi
682 1014 760 1058 cnm
800 992 938 1057 domino
972 1012 1053 1074 rege
1084 991 1224 1073 Angliae
1262 999 1357 1056 tene-

407 1094 506 1169 bunt,
533 1094 624 1157 sicut
637 1112 716 1156 cum
738 1092 823 1174 ligio
844 1093 982 1156 domino
1008 1110 1085 1168 suo,
1100 1098 1222 1155 contra
1238 1110 1355 1172 regem

406 1192 545 1268 Scotiae,
575 1211 755 1275 quousque
784 1191 829 1254 ad
860 1191 1060 1254 fidelitatem
1091 1191 1183 1272 regis
1217 1188 1356 1271 Angliae

405 1291 544 1354 redeat:
571 1310 675 1374 quam
697 1289 835 1373 quidem
860 1290 1142 1373 compositionem
1160 1277 1278 1352 ¹salicis
1304 1309 1357 1352 re·

406 1390 614 1453 cordationis
649 1388 840 1471 Gregorius
869 1383 977 1471 ¹papa
1005 1408 1116 1453 nonus
1144 1389 1180 1451 in
1207 1387 1356 1452 diversis

406 1488 556 1570 scriptis,
584 1489 723 1570 regibus
755 1487 894 1569 Angliae
923 1487 1075 1564 directis,
1099 1486 1278 1551 mandavit
1300 1487 1357 1550 fir-

405 1587 507 1650 miter
535 1588 733 1665 observari3
769 1587 1024 1651 continentibus
1048 1587 1153 1650 etiam
1185 1586 1275 1649 inter
1302 1605 1358 1650 ce·

406 1692 491 1761 tera,
517 1685 608 1767 quod
631 1684 828 1749 Willelmus
855 1693 891 1750 et
912 1684 1126 1762 Alexander,
1147 1704 1247 1765 reges
1269 1684 1356 1748 Sco·

406 1783 476 1859 tiae,
498 1784 637 1864 regibus
663 1784 803 1865 Angliae
831 1784 961 1849 Joanni
989 1792 1025 1849 et
1052 1783 1207 1848 Henrico
1232 1783 1355 1864 ligium

405 1879 604 1962 homagium
636 1891 672 1947 et
709 1883 910 1948 fidelitatem
947 1883 1126 1962 fecemnt;
1164 1903 1267 1966 quam
1303 1890 1356 1947 te·

407 1989 531 2044 nentur
563 2001 780 2046 successores
809 2001 939 2058 eorum,
971 1983 1114 2047 comites
1145 1988 1181 2046 et
1207 1983 1357 2047 barones

406 2081 502 2160 regni
534 2081 673 2157 Scotiae,
701 2081 768 2164 ipsi
800 2089 835 2144 et
866 2082 938 2144 suis
971 2081 1227 2145 successoribus
1257 2081 1357 2145 exhi·

405 2179 507 2255 bere;
548 2180 745 2256 etiterum,
775 2180 866 2261 quod
900 2199 978 2243 cum
1008 2180 1099 2243 idem
1133 2200 1195 2245 rex
1226 2180 1356 2245 Scotiae

405 2276 507 2343 homo
530 2277 635 2359 ligius
665 2279 711 2343 sit
734 2279 843 2361 ipsius
869 2278 1016 2342 Henrici
1036 2281 1130 2361 regis
1152 2276 1305 2360 Angliae,
1320 2288 1357 2344 et

405 2376 515 2439 eidem
547 2377 750 2460 praestiterit
783 2377 959 2442 fidelitatis
986 2377 1234 2461 juramentum,
1261 2380 1357 2462 quod

403 2474 440 2537 in
470 2475 580 2558 ipsius
618 2478 716 2557 regni
749 2485 784 2539 et
814 2476 904 2558 regis
935 2475 1075 2559 Angliae
1109 2477 1353 2542 detrimentum

404 2574 489 2636 nihil
506 2575 630 2638 debeat
646 2583 828 2639 attentare.

449 2673 518 2736 ‘Et
544 2693 635 2755 papa
661 2674 820 2739 Clemens
846 2673 999 2737 scribens
1027 2672 1100 2754 regi
1121 2672 1271 2754 Angliae,
1289 2696 1353 2758 pro

403 2770 541 2835 Joanne
571 2774 733 2855 episcopo
771 2773 805 2836 S.
830 2771 994 2848 Andreae,
1025 2772 1173 2855 expulso
1206 2775 1251 2837 ab
1283 2775 1354 2857 epi-

403 2878 548 2950 scopatu
573 2890 636 2934 suo
662 2891 724 2953 per
751 2890 867 2952 regem
885 2871 1024 2949 Scotiae,
1049 2873 1139 2935 inter
1159 2879 1276 2936 cetera
1301 2894 1354 2938 ro·

403 2969 513 3047 gavit,
541 2969 633 3050 quod
663 2968 877 3034 Willelmum
900 2990 1014 3051 regem
1048 2971 1174 3034 Scotiae
1199 2983 1355 3037 moveret

403 3075 439 3130 et
471 3067 661 3145 induceret,
692 3078 727 3133 et
759 3069 789 3132 si
811 3063 969 3133 ²necesse
1005 3070 1109 3133 suerit
1137 3069 1354 3136 districtione

403 3165 525 3247 regali,
539 3187 609 3250 qua
626 3167 657 3230 ei
675 3169 885 3250 praeeminet,
907 3175 942 3232 et
965 3187 1131 3232 concessa
1151 3189 1225 3233 snae
1246 3172 1353 3253 regiae

403 3265 598 3329 celsitudini
629 3274 803 3349 potestate
833 3267 1065 3348 compelleret,
1094 3275 1133 3331 ut
1161 3269 1256 3332 dicto
1282 3270 1353 3351 epi-

402 3383 507 3446 scopo
525 3386 661 3429 omnem
679 3386 854 3430 rancorem
873 3367 978 3429 animi
1003 3366 1206 3443 remitteret,
1229 3375 1265 3431 et
1281 3369 1352 3451 epi·

402 3471 582 3544 scopatum
599 3484 699 3528 suum
716 3485 793 3529 eum
809 3464 934 3528 habere
952 3465 1175 3547 permitteret.
1213 3466 1259 3531 Et
1272 3475 1353 3549 post

402 3564 663 3627 conventionem
684 3563 883 3646 praedictam
909 3564 944 3626 in
968 3563 1114 3627 ecclesia
1134 3565 1229 3628 beati
1255 3565 1354 3630 Petri

402 3658 563 3737 Eboraci,
600 3682 716 3726 coram
758 3663 933 3745 praedictis
964 3663 1103 3744 regibus
1144 3662 1285 3746 Angliae
1316 3674 1353 3730 et

401 3756 540 3836 Scotiac,
557 3769 591 3824 et
614 3761 728 3825 David
749 3762 856 3826 fratre
877 3781 940 3825 suo
964 3768 1000 3825 et
1024 3762 1186 3826 universo
1209 3764 1353 3847 populo,

401 3857 565 3940 episcopi,
583 3861 737 3934 comites,
763 3869 798 3925 et
814 3862 970 3936 barones,
994 3869 1030 3924 et
1047 3861 1174 3926 milites
1191 3861 1235 3925 de
1261 3871 1354 3927 terra

399 3957 498 4038 regni
528 3957 666 4036 Scotiae,
693 3960 901 4043 juraverunt
925 3959 1064 4025 domino
1094 3961 1167 4043 regi
1199 3959 1354 4043 Angliae,

435 4225 808 4292 '‘papa;’omittedinn’.4.
863 4225 868 4298 Ι
919 4226 1217 4291 ’(ιιεοοιιιτίοςἯΔ.
