<?xml version="1.0" encoding="UTF-8"?>
<!DOCTYPE html PUBLIC "-//W3C//DTD XHTML 1.0 Transitional//EN"
    "http://www.w3.org/TR/xhtml1/DTD/xhtml1-transitional.dtd">
<html xmlns="http://www.w3.org/1999/xhtml" xml:lang="en" lang="en">
 <head>
  <title>
</title>
<meta http-equiv="Content-Type" content="text/html;charset=utf-8" />
  <meta name='ocr-system' content='tesseract 3.04.00' />
  <meta name='ocr-capabilities' content='ocr_page ocr_carea ocr_par ocr_line ocrx_word'/>
</head>
<body>
  <div class='ocr_page' id='page_1' title='image "./fnicholaitrivet00trivgoog/fnicholaitrivet00trivgoog_0248.png"; bbox 0 0 2940 4950; ppageno 0'>
   <div class='ocr_carea' id='block_1_1' title="bbox 513 459 695 508">
    <p class='ocr_par' dir='ltr' id='par_1_1' title="bbox 513 459 695 508">
     <span class='ocr_line' id='line_1_1' title="bbox 513 459 695 508; baseline -0.005 0"><span class='ocrx_word' id='word_1_1' title='bbox 513 459 695 508; x_wconf 80' lang='lat' dir='ltr'>ANNALBS.</span> 
     </span>
    </p>
   </div>
   <div class='ocr_carea' id='block_1_2' title="bbox 152 640 1053 680">
    <p class='ocr_par' dir='ltr' id='par_1_2' title="bbox 152 640 1053 680">
     <span class='ocr_line' id='line_1_2' title="bbox 152 640 1053 680; baseline 0.006 -5"><span class='ocrx_word' id='word_1_2' title='bbox 152 642 178 676; x_wconf 77' lang='lat' dir='ltr'>h.</span> <span class='ocrx_word' id='word_1_3' title='bbox 192 641 217 677; x_wconf 79' lang='lat' dir='ltr'>lt.</span> <span class='ocrx_word' id='word_1_4' title='bbox 228 640 248 676; x_wconf 77' lang='lat' dir='ltr'>J.</span> <span class='ocrx_word' id='word_1_5' title='bbox 258 641 283 677; x_wconf 79' lang='lat'>0.</span> <span class='ocrx_word' id='word_1_6' title='bbox 376 641 399 678; x_wconf 79' lang='lat' dir='ltr'>P.</span> <span class='ocrx_word' id='word_1_7' title='bbox 413 643 482 677; x_wconf 77' lang='lat' dir='ltr'>som</span> <span class='ocrx_word' id='word_1_8' title='bbox 487 642 575 677; x_wconf 63' lang='lat' dir='ltr'>EORUM</span> <span class='ocrx_word' id='word_1_9' title='bbox 588 642 613 678; x_wconf 77' lang='lat' dir='ltr'>R.</span> <span class='ocrx_word' id='word_1_10' title='bbox 707 643 860 678; x_wconf 67' lang='lat' dir='ltr'>sarmitum</span> <span class='ocrx_word' id='word_1_11' title='bbox 915 644 1053 680; x_wconf 65' lang='lat' dir='ltr'>saetosus!</span> 
     </span>
    </p>
   </div>
   <div class='ocr_carea' id='block_1_3' title="bbox 135 698 1064 709">
    <p class='ocr_par' dir='ltr' id='par_1_3' title="bbox 135 698 1064 709">
     <span class='ocr_line' id='line_1_3' title="bbox 135 698 1064 709; baseline -0.003 -2"><span class='ocrx_word' id='word_1_12' title='bbox 135 698 477 707; x_wconf 71' lang='grc'>-------.-..-..</span> <span class='ocrx_word' id='word_1_13' title='bbox 500 700 577 706; x_wconf 85' lang='lat'>.........</span> <span class='ocrx_word' id='word_1_14' title='bbox 620 701 667 708; x_wconf 82' lang='grc'>..-</span> <span class='ocrx_word' id='word_1_15' title='bbox 682 699 734 706; x_wconf 81' lang='grc'>.-</span> <span class='ocrx_word' id='word_1_16' title='bbox 896 699 1064 709; x_wconf 69' lang='lat'>.—</span> 
     </span>
    </p>
   </div>
   <div class='ocr_carea' id='block_1_4' title="bbox 151 726 1062 837">
    <p class='ocr_par' dir='ltr' id='par_1_4' title="bbox 151 726 1062 837">
     <span class='ocr_line' id='line_1_4' title="bbox 151 726 1062 767; baseline 0.002 -3"><span class='ocrx_word' id='word_1_17' title='bbox 151 726 274 765; x_wconf 85' lang='lat' dir='ltr'>rrocxxvr.</span> <span class='ocrx_word' id='word_1_18' title='bbox 323 729 428 764; x_wconf 81' lang='lat' dir='ltr'>sososrr</span> <span class='ocrx_word' id='word_1_19' title='bbox 440 728 478 764; x_wconf 85' lang='lat' dir='ltr'>ru.</span> <span class='ocrx_word' id='word_1_20' title='bbox 499 729 630 764; x_wconf 83' lang='lat' dir='ltr'>rssosrucr</span> <span class='ocrx_word' id='word_1_21' title='bbox 643 729 670 765; x_wconf 88' lang='lat'>11.</span> <span class='ocrx_word' id='word_1_22' title='bbox 699 730 876 767; x_wconf 77' lang='lat' dir='ltr'>conovrcrvur.</span> <span class='ocrx_word' id='word_1_23' title='bbox 909 731 1062 767; x_wconf 78' lang='lat' dir='ltr'>sssmcrru.</span> 
     </span>
     <span class='ocr_line' id='line_1_5' title="bbox 540 789 1005 837; baseline 0.004 -3"><span class='ocrx_word' id='word_1_24' title='bbox 540 791 565 834; x_wconf 81' lang='lat' dir='ltr'>d.</span> <span class='ocrx_word' id='word_1_25' title='bbox 578 789 618 834; x_wconf 80' lang='lat'>1⁵.</span> <span class='ocrx_word' id='word_1_26' title='bbox 770 791 793 834; x_wconf 78' lang='grc'>3.</span> <span class='ocrx_word' id='word_1_27' title='bbox 966 793 1005 837; x_wconf 84' lang='grc'>10.</span> 
     </span>
    </p>
   </div>
   <div class='ocr_carea' id='block_1_5' title="bbox 683 848 799 857">
    <p class='ocr_par' dir='ltr' id='par_1_5' title="bbox 683 848 799 857">
     <span class='ocr_line' id='line_1_6' title="bbox 683 848 799 857; baseline 0.009 -2"><span class='ocrx_word' id='word_1_28' title='bbox 683 848 799 857; x_wconf 79' lang='lat'>——..</span> 
     </span>
    </p>
   </div>
   <div class='ocr_carea' id='block_1_6' title="bbox 117 920 1230 3776">
    <p class='ocr_par' dir='ltr' id='par_1_6' title="bbox 117 920 1230 2898">
     <span class='ocr_line' id='line_1_7' title="bbox 181 920 1193 1002; baseline 0.001 -19"><span class='ocrx_word' id='word_1_29' title='bbox 181 920 382 983; x_wconf 73' lang='lat' dir='ltr'>Horremus</span> <span class='ocrx_word' id='word_1_30' title='bbox 421 938 514 1002; x_wconf 89' lang='lat' dir='ltr'>papa</span> <span class='ocrx_word' id='word_1_31' title='bbox 552 920 708 996; x_wconf 91' lang='lat' dir='ltr'>moritur,</span> <span class='ocrx_word' id='word_1_32' title='bbox 746 927 781 983; x_wconf 88' lang='lat' dir='ltr'>et</span> <span class='ocrx_word' id='word_1_33' title='bbox 817 920 853 983; x_wconf 92' lang='lat' dir='ltr'>in</span> <span class='ocrx_word' id='word_1_34' title='bbox 889 921 925 985; x_wconf 90' lang='lat' dir='ltr'>S.</span> <span class='ocrx_word' id='word_1_35' title='bbox 954 920 1193 986; x_wconf 68' lang='lat' dir='ltr'>Mariaeueauor</span> 
     </span>
     <span class='ocr_line' id='line_1_8' title="bbox 124 990 1198 1105; baseline -0.007 -21"><span class='ocrx_word' id='word_1_36' title='bbox 124 1015 282 1105; x_wconf 88' lang='lat' dir='ltr'>¹maj0ris</span> <span class='ocrx_word' id='word_1_37' title='bbox 314 1019 459 1083; x_wconf 91' lang='lat' dir='ltr'>ecclesia</span> <span class='ocrx_word' id='word_1_38' title='bbox 491 1018 667 1102; x_wconf 84' lang='lat' dir='ltr'>sepelitur.</span> <span class='ocrx_word' id='word_1_39' title='bbox 736 1019 806 1083; x_wconf 93' lang='lat' dir='ltr'>Hic</span> <span class='ocrx_word' id='word_1_40' title='bbox 836 1021 1078 1103; x_wconf 80' lang='lat' dir='ltr'>imperatorem</span> <span class='ocrx_word' id='word_1_41' title='bbox 1091 990 1198 1079; x_wconf 55' lang='lat' dir='ltr'>llifw‘m&#39;</span> 
     </span>
     <span class='ocr_line' id='line_1_9' title="bbox 126 1119 1078 1202; baseline 0.001 -18"><span class='ocrx_word' id='word_1_42' title='bbox 126 1120 358 1197; x_wconf 84' lang='lat' dir='ltr'>Fredericum,</span> <span class='ocrx_word' id='word_1_43' title='bbox 396 1138 498 1202; x_wconf 85' lang='lat' dir='ltr'>quern</span> <span class='ocrx_word' id='word_1_44' title='bbox 538 1125 776 1197; x_wconf 85' lang='lat' dir='ltr'>coronaverat,</span> <span class='ocrx_word' id='word_1_45' title='bbox 814 1119 878 1183; x_wconf 88' lang='lat' dir='ltr'>sibi</span> <span class='ocrx_word' id='word_1_46' title='bbox 917 1121 1078 1185; x_wconf 85' lang='lat' dir='ltr'>rebellem</span> 
     </span>
     <span class='ocr_line' id='line_1_10' title="bbox 124 1217 1077 1303; baseline -0.001 -18"><span class='ocrx_word' id='word_1_47' title='bbox 124 1220 349 1303; x_wconf 78' lang='lat' dir='ltr'>comperiens,</span> <span class='ocrx_word' id='word_1_48' title='bbox 378 1226 414 1282; x_wconf 93' lang='lat' dir='ltr'>et</span> <span class='ocrx_word' id='word_1_49' title='bbox 444 1217 598 1283; x_wconf 86' lang='lat' dir='ltr'>ecclesiae</span> <span class='ocrx_word' id='word_1_50' title='bbox 628 1218 798 1282; x_wconf 72' lang='lat' dir='ltr'>Romanas</span> <span class='ocrx_word' id='word_1_51' title='bbox 829 1220 1077 1298; x_wconf 88' lang='lat' dir='ltr'>adversarium,</span> 
     </span>
     <span class='ocr_line' id='line_1_11' title="bbox 124 1317 1078 1402; baseline 0 -19"><span class='ocrx_word' id='word_1_52' title='bbox 124 1319 489 1396; x_wconf 79' lang='lat' dir='ltr'>anathematizaverat,</span> <span class='ocrx_word' id='word_1_53' title='bbox 515 1325 551 1381; x_wconf 90' lang='lat' dir='ltr'>et</span> <span class='ocrx_word' id='word_1_54' title='bbox 572 1318 617 1381; x_wconf 87' lang='lat' dir='ltr'>ab</span> <span class='ocrx_word' id='word_1_55' title='bbox 643 1319 718 1402; x_wconf 89' lang='lat' dir='ltr'>ejus</span> <span class='ocrx_word' id='word_1_56' title='bbox 743 1317 909 1382; x_wconf 88' lang='lat' dir='ltr'>fidelitate</span> <span class='ocrx_word' id='word_1_57' title='bbox 934 1320 1078 1385; x_wconf 89' lang='lat' dir='ltr'>barones</span> 
     </span>
     <span class='ocr_line' id='line_1_12' title="bbox 124 1416 1078 1499; baseline -0.002 -16"><span class='ocrx_word' id='word_1_58' title='bbox 124 1419 333 1484; x_wconf 79' lang='lat' dir='ltr'>absolverat.</span> <span class='ocrx_word' id='word_1_59' title='bbox 382 1416 477 1481; x_wconf 89' lang='lat' dir='ltr'>Huic</span> <span class='ocrx_word' id='word_1_60' title='bbox 490 1418 657 1481; x_wconf 88' lang='lat' dir='ltr'>successit</span> <span class='ocrx_word' id='word_1_61' title='bbox 674 1417 888 1499; x_wconf 83' lang='lat' dir='ltr'>Hugolinus,</span> <span class='ocrx_word' id='word_1_62' title='bbox 907 1418 1078 1482; x_wconf 87' lang='lat' dir='ltr'>Ostiensis</span> 
     </span>
     <span class='ocr_line' id='line_1_13' title="bbox 124 1516 1077 1602; baseline -0.003 -18"><span class='ocrx_word' id='word_1_63' title='bbox 124 1519 320 1602; x_wconf 87' lang='lat' dir='ltr'>episcopus,</span> <span class='ocrx_word' id='word_1_64' title='bbox 333 1517 425 1600; x_wconf 90' lang='lat' dir='ltr'>apud</span> <span class='ocrx_word' id='word_1_65' title='bbox 443 1516 664 1599; x_wconf 84' lang='lat' dir='ltr'>Septisolium</span> <span class='ocrx_word' id='word_1_66' title='bbox 680 1519 822 1594; x_wconf 89' lang='lat' dir='ltr'>electus,</span> <span class='ocrx_word' id='word_1_67' title='bbox 837 1525 871 1581; x_wconf 91' lang='lat' dir='ltr'>et</span> <span class='ocrx_word' id='word_1_68' title='bbox 886 1516 1077 1599; x_wconf 80' lang='lat' dir='ltr'>Gregorius</span> 
     </span>
     <span class='ocr_line' id='line_1_14' title="bbox 126 1616 1230 1683; baseline -0.006 0"><span class='ocrx_word' id='word_1_69' title='bbox 126 1618 201 1683; x_wconf 89' lang='lat' dir='ltr'>lX.</span> <span class='ocrx_word' id='word_1_70' title='bbox 234 1626 388 1682; x_wconf 84' lang='lat' dir='ltr'>vocatus.</span> <span class='ocrx_word' id='word_1_71' title='bbox 452 1617 603 1681; x_wconf 91' lang='lat' dir='ltr'>Moritur</span> <span class='ocrx_word' id='word_1_72' title='bbox 635 1616 829 1681; x_wconf 87' lang='lat' dir='ltr'>Lodovicus</span> <span class='ocrx_word' id='word_1_73' title='bbox 865 1618 1077 1682; x_wconf 89' lang='lat' dir='ltr'>Francorum</span> <span class='ocrx_word' id='word_1_74' title='bbox 1089 1637 1130 1675; x_wconf 70' lang='lat' dir='ltr'>anu</span> <span class='ocrx_word' id='word_1_75' title='bbox 1142 1636 1230 1677; x_wconf 59' lang='lat' dir='ltr'>erman</span> 
     </span>
     <span class='ocr_line' id='line_1_15' title="bbox 125 1687 1211 1800; baseline -0.006 -19"><span class='ocrx_word' id='word_1_76' title='bbox 125 1738 200 1796; x_wconf 81' lang='lat' dir='ltr'>rex,</span> <span class='ocrx_word' id='word_1_77' title='bbox 222 1725 258 1782; x_wconf 89' lang='lat' dir='ltr'>et</span> <span class='ocrx_word' id='word_1_78' title='bbox 276 1717 442 1782; x_wconf 88' lang='lat' dir='ltr'>successit</span> <span class='ocrx_word' id='word_1_79' title='bbox 464 1718 573 1781; x_wconf 89' lang='lat' dir='ltr'>eidem</span> <span class='ocrx_word' id='word_1_80' title='bbox 599 1716 690 1781; x_wconf 88' lang='lat' dir='ltr'>filius</span> <span class='ocrx_word' id='word_1_81' title='bbox 712 1717 787 1800; x_wconf 89' lang='lat' dir='ltr'>ejus</span> <span class='ocrx_word' id='word_1_82' title='bbox 814 1717 849 1780; x_wconf 91' lang='lat' dir='ltr'>S.</span> <span class='ocrx_word' id='word_1_83' title='bbox 869 1717 1076 1794; x_wconf 88' lang='lat' dir='ltr'>Lodovicus,</span> <span class='ocrx_word' id='word_1_84' title='bbox 1089 1687 1211 1776; x_wconf 60' lang='lat' dir='ltr'>iirf³¹⁶¹³⁰¹y</span> 
     </span>
     <span class='ocr_line' id='line_1_16' title="bbox 125 1819 1076 1901; baseline -0.002 -18"><span class='ocrx_word' id='word_1_85' title='bbox 125 1826 310 1883; x_wconf 89' lang='lat' dir='ltr'>coronatus</span> <span class='ocrx_word' id='word_1_86' title='bbox 324 1819 360 1881; x_wconf 94' lang='lat' dir='ltr'>in</span> <span class='ocrx_word' id='word_1_87' title='bbox 382 1836 498 1898; x_wconf 83' lang='lat' dir='ltr'>regem</span> <span class='ocrx_word' id='word_1_88' title='bbox 520 1835 598 1880; x_wconf 91' lang='lat' dir='ltr'>cum</span> <span class='ocrx_word' id='word_1_89' title='bbox 618 1824 710 1881; x_wconf 87' lang='lat' dir='ltr'>esset</span> <span class='ocrx_word' id='word_1_90' title='bbox 726 1835 894 1880; x_wconf 86' lang='lat' dir='ltr'>annorum</span> <span class='ocrx_word' id='word_1_91' title='bbox 911 1826 1076 1901; x_wconf 90' lang='lat' dir='ltr'>quatuor-</span> 
     </span>
     <span class='ocr_line' id='line_1_17' title="bbox 123 1912 1192 2000; baseline -0.006 -19"><span class='ocrx_word' id='word_1_92' title='bbox 123 1918 245 1983; x_wconf 86' lang='lat' dir='ltr'>deeim.</span> <span class='ocrx_word' id='word_1_93' title='bbox 322 1917 474 1981; x_wconf 90' lang='lat' dir='ltr'>Moritur</span> <span class='ocrx_word' id='word_1_94' title='bbox 504 1914 701 1979; x_wconf 90' lang='lat' dir='ltr'>Willelmus</span> <span class='ocrx_word' id='word_1_95' title='bbox 739 1917 782 1980; x_wconf 92' lang='lat' dir='ltr'>de</span> <span class='ocrx_word' id='word_1_96' title='bbox 820 1912 1192 2000; x_wconf 53' lang='lat' dir='ltr'>Longa-sparvans</span> 
     </span>
     <span class='ocr_line' id='line_1_18' title="bbox 123 1988 1210 2101; baseline -0.005 -20"><span class='ocrx_word' id='word_1_97' title='bbox 123 2018 268 2101; x_wconf 88' lang='lat' dir='ltr'>primus,</span> <span class='ocrx_word' id='word_1_98' title='bbox 282 2017 342 2101; x_wconf 92' lang='lat' dir='ltr'>qui</span> <span class='ocrx_word' id='word_1_99' title='bbox 358 2035 435 2081; x_wconf 91' lang='lat' dir='ltr'>cum</span> <span class='ocrx_word' id='word_1_100' title='bbox 451 2023 542 2080; x_wconf 89' lang='lat' dir='ltr'>esset</span> <span class='ocrx_word' id='word_1_101' title='bbox 558 2016 648 2079; x_wconf 86' lang='lat' dir='ltr'>lilius</span> <span class='ocrx_word' id='word_1_102' title='bbox 664 2015 756 2097; x_wconf 84' lang='lat' dir='ltr'>regis</span> <span class='ocrx_word' id='word_1_103' title='bbox 775 2016 920 2080; x_wconf 91' lang='lat' dir='ltr'>Henrici</span> <span class='ocrx_word' id='word_1_104' title='bbox 936 2018 1078 2081; x_wconf 89' lang='lat' dir='ltr'>secundi</span> <span class='ocrx_word' id='word_1_105' title='bbox 1089 1988 1210 2084; x_wconf 47' lang='lat' dir='ltr'>{353¹de</span> 
     </span>
     <span class='ocr_line' id='line_1_19' title="bbox 123 2115 1077 2194; baseline -0.001 -14"><span class='ocrx_word' id='word_1_106' title='bbox 123 2116 264 2194; x_wconf 91' lang='lat' dir='ltr'>nothus,</span> <span class='ocrx_word' id='word_1_107' title='bbox 296 2117 446 2181; x_wconf 88' lang='lat' dir='ltr'>donante</span> <span class='ocrx_word' id='word_1_108' title='bbox 477 2115 629 2180; x_wconf 90' lang='lat' dir='ltr'>Ricardo</span> <span class='ocrx_word' id='word_1_109' title='bbox 661 2116 761 2179; x_wconf 86' lang='lat' dir='ltr'>duxit</span> <span class='ocrx_word' id='word_1_110' title='bbox 790 2135 934 2179; x_wconf 86' lang='lat' dir='ltr'>uxorem</span> <span class='ocrx_word' id='word_1_111' title='bbox 964 2116 1077 2193; x_wconf 88' lang='lat' dir='ltr'>Elam,</span> 
     </span>
     <span class='ocr_line' id='line_1_20' title="bbox 123 2214 1077 2281; baseline -0.002 0"><span class='ocrx_word' id='word_1_112' title='bbox 123 2216 232 2281; x_wconf 89' lang='lat' dir='ltr'>liliam</span> <span class='ocrx_word' id='word_1_113' title='bbox 249 2224 285 2280; x_wconf 87' lang='lat' dir='ltr'>et</span> <span class='ocrx_word' id='word_1_114' title='bbox 305 2215 464 2281; x_wconf 89' lang='lat' dir='ltr'>heredem</span> <span class='ocrx_word' id='word_1_115' title='bbox 486 2214 652 2278; x_wconf 90' lang='lat' dir='ltr'>Willelmi</span> <span class='ocrx_word' id='word_1_116' title='bbox 680 2215 815 2278; x_wconf 91' lang='lat' dir='ltr'>comitis</span> <span class='ocrx_word' id='word_1_117' title='bbox 842 2215 1077 2279; x_wconf 82' lang='lat' dir='ltr'>saresberien-</span> 
     </span>
     <span class='ocr_line' id='line_1_21' title="bbox 122 2312 1078 2400; baseline -0.003 -19"><span class='ocrx_word' id='word_1_118' title='bbox 122 2316 195 2396; x_wconf 87' lang='lat' dir='ltr'>sis;</span> <span class='ocrx_word' id='word_1_119' title='bbox 218 2336 264 2380; x_wconf 89' lang='lat' dir='ltr'>ex</span> <span class='ocrx_word' id='word_1_120' title='bbox 290 2335 359 2400; x_wconf 90' lang='lat' dir='ltr'>qua</span> <span class='ocrx_word' id='word_1_121' title='bbox 386 2314 506 2397; x_wconf 81' lang='lat' dir='ltr'>genuit</span> <span class='ocrx_word' id='word_1_122' title='bbox 527 2312 738 2378; x_wconf 89' lang='lat' dir='ltr'>Willelmum</span> <span class='ocrx_word' id='word_1_123' title='bbox 768 2314 810 2376; x_wconf 92' lang='lat' dir='ltr'>de</span> <span class='ocrx_word' id='word_1_124' title='bbox 838 2313 1078 2397; x_wconf 80' lang='lat' dir='ltr'>Longa-spata</span> 
     </span>
     <span class='ocr_line' id='line_1_22' title="bbox 117 2413 1075 2501; baseline -0.003 -21"><span class='ocrx_word' id='word_1_125' title='bbox 117 2416 305 2501; x_wconf 89' lang='lat' dir='ltr'>juniorem,</span> <span class='ocrx_word' id='word_1_126' title='bbox 342 2423 377 2480; x_wconf 89' lang='lat' dir='ltr'>et</span> <span class='ocrx_word' id='word_1_127' title='bbox 408 2414 592 2478; x_wconf 90' lang='lat' dir='ltr'>Nicolaum</span> <span class='ocrx_word' id='word_1_128' title='bbox 629 2422 751 2495; x_wconf 86' lang='lat' dir='ltr'>postea</span> <span class='ocrx_word' id='word_1_129' title='bbox 783 2413 1075 2477; x_wconf 88' lang='lat' dir='ltr'>Saresberiensem</span> 
     </span>
     <span class='ocr_line' id='line_1_23' title="bbox 123 2513 1077 2600; baseline -0.005 -19"><span class='ocrx_word' id='word_1_130' title='bbox 123 2517 338 2600; x_wconf 85' lang='lat' dir='ltr'>episcopum.</span> <span class='ocrx_word' id='word_1_131' title='bbox 390 2514 461 2578; x_wconf 89' lang='lat' dir='ltr'>Hic</span> <span class='ocrx_word' id='word_1_132' title='bbox 494 2513 689 2578; x_wconf 89' lang='lat' dir='ltr'>Willelmus</span> <span class='ocrx_word' id='word_1_133' title='bbox 719 2515 754 2577; x_wconf 93' lang='lat' dir='ltr'>in</span> <span class='ocrx_word' id='word_1_134' title='bbox 786 2513 932 2577; x_wconf 89' lang='lat' dir='ltr'>ecclesia</span> <span class='ocrx_word' id='word_1_135' title='bbox 962 2513 1077 2577; x_wconf 90' lang='lat' dir='ltr'>Sares-</span> 
     </span>
     <span class='ocr_line' id='line_1_24' title="bbox 123 2611 1076 2697; baseline -0.003 -17"><span class='ocrx_word' id='word_1_136' title='bbox 123 2616 273 2681; x_wconf 87' lang='lat' dir='ltr'>beriensi</span> <span class='ocrx_word' id='word_1_137' title='bbox 292 2622 346 2678; x_wconf 88' lang='lat' dir='ltr'>est</span> <span class='ocrx_word' id='word_1_138' title='bbox 362 2613 527 2697; x_wconf 90' lang='lat' dir='ltr'>sepultus.</span> <span class='ocrx_word' id='word_1_139' title='bbox 582 2611 678 2677; x_wconf 90' lang='lat' dir='ltr'>Obiit</span> <span class='ocrx_word' id='word_1_140' title='bbox 695 2614 814 2677; x_wconf 88' lang='lat' dir='ltr'>eodem</span> <span class='ocrx_word' id='word_1_141' title='bbox 832 2632 924 2677; x_wconf 90' lang='lat' dir='ltr'>anno</span> <span class='ocrx_word' id='word_1_142' title='bbox 944 2614 1076 2695; x_wconf 88' lang='lat' dir='ltr'>episco-</span> 
     </span>
     <span class='ocr_line' id='line_1_25' title="bbox 123 2712 1077 2800; baseline -0.004 -21"><span class='ocrx_word' id='word_1_143' title='bbox 123 2734 191 2800; x_wconf 89' lang='lat' dir='ltr'>pus</span> <span class='ocrx_word' id='word_1_144' title='bbox 208 2714 368 2792; x_wconf 88' lang='lat' dir='ltr'>Elisusis,</span> <span class='ocrx_word' id='word_1_145' title='bbox 385 2714 441 2778; x_wconf 91' lang='lat' dir='ltr'>cui</span> <span class='ocrx_word' id='word_1_146' title='bbox 461 2731 646 2795; x_wconf 85' lang='lat' dir='ltr'>germanus</span> <span class='ocrx_word' id='word_1_147' title='bbox 666 2713 849 2796; x_wconf 88' lang='lat' dir='ltr'>justitiarii</span> <span class='ocrx_word' id='word_1_148' title='bbox 869 2712 1018 2776; x_wconf 86' lang='lat' dir='ltr'>Huberti</span> <span class='ocrx_word' id='word_1_149' title='bbox 1035 2714 1077 2776; x_wconf 90' lang='lat' dir='ltr'>de</span> 
     </span>
     <span class='ocr_line' id='line_1_26' title="bbox 123 2814 437 2898; baseline -0.013 -18"><span class='ocrx_word' id='word_1_150' title='bbox 123 2816 245 2898; x_wconf 78' lang='lat' dir='ltr'>Burgo</span> <span class='ocrx_word' id='word_1_151' title='bbox 260 2814 437 2879; x_wconf 84' lang='lat' dir='ltr'>successit.</span> 
     </span>
    </p>

    <p class='ocr_par' dir='ltr' id='par_1_7' title="bbox 120 2912 1220 3776">
     <span class='ocr_line' id='line_1_27' title="bbox 174 2912 1191 2996; baseline -0.009 -16"><span class='ocrx_word' id='word_1_152' title='bbox 174 2916 305 2980; x_wconf 86' lang='lat' dir='ltr'>Beatus</span> <span class='ocrx_word' id='word_1_153' title='bbox 332 2912 550 2988; x_wconf 88' lang='lat' dir='ltr'>Franciscus,</span> <span class='ocrx_word' id='word_1_154' title='bbox 583 2919 661 2996; x_wconf 89' lang='lat' dir='ltr'>post</span> <span class='ocrx_word' id='word_1_155' title='bbox 692 2912 843 2976; x_wconf 89' lang='lat' dir='ltr'>diutinos</span> <span class='ocrx_word' id='word_1_156' title='bbox 876 2913 957 2976; x_wconf 85' lang='lat' dir='ltr'>vitae</span> <span class='ocrx_word' id='word_1_157' title='bbox 989 2931 1076 2994; x_wconf 88' lang='lat' dir='ltr'>prae·</span> <span class='ocrx_word' id='word_1_158' title='bbox 1089 2934 1191 2973; x_wconf 59' lang='lat' dir='ltr'>nosnos</span> 
     </span>
     <span class='ocr_line' id='line_1_28' title="bbox 124 2982 1220 3089; baseline -0.005 -10"><span class='ocrx_word' id='word_1_159' title='bbox 124 3016 234 3079; x_wconf 86' lang='lat' dir='ltr'>sentis</span> <span class='ocrx_word' id='word_1_160' title='bbox 250 3014 395 3089; x_wconf 86' lang='lat' dir='ltr'>labores,</span> <span class='ocrx_word' id='word_1_161' title='bbox 412 3012 534 3077; x_wconf 89' lang='lat' dir='ltr'>solutis</span> <span class='ocrx_word' id='word_1_162' title='bbox 552 3012 665 3076; x_wconf 88' lang='lat' dir='ltr'>carnis</span> <span class='ocrx_word' id='word_1_163' title='bbox 685 3012 841 3088; x_wconf 87' lang='lat' dir='ltr'>vinculis,</span> <span class='ocrx_word' id='word_1_164' title='bbox 859 3012 902 3075; x_wconf 93' lang='lat' dir='ltr'>ad</span> <span class='ocrx_word' id='word_1_165' title='bbox 919 3011 1076 3075; x_wconf 88' lang='lat' dir='ltr'>coelestia</span> <span class='ocrx_word' id='word_1_166' title='bbox 1089 2985 1119 3024; x_wconf 40' lang='grc' dir='ltr'>ει</span> <span class='ocrx_word' id='word_1_167' title='bbox 1130 2982 1220 3023; x_wconf 58' lang='lat'>“⁸³⁰¹&#39;&#39;</span> 
     </span>
     <span class='ocr_line' id='line_1_29' title="bbox 120 3110 1075 3196; baseline -0.005 -18"><span class='ocrx_word' id='word_1_168' title='bbox 120 3110 231 3196; x_wconf 79' lang='lat' dir='ltr'>regna</span> <span class='ocrx_word' id='word_1_169' title='bbox 243 3113 426 3195; x_wconf 75' lang='lat' dir='ltr'>migravit;</span> <span class='ocrx_word' id='word_1_170' title='bbox 452 3111 550 3195; x_wconf 89' lang='lat' dir='ltr'>cujus</span> <span class='ocrx_word' id='word_1_171' title='bbox 566 3113 715 3176; x_wconf 90' lang='lat' dir='ltr'>animam</span> <span class='ocrx_word' id='word_1_172' title='bbox 734 3131 822 3174; x_wconf 92' lang='lat' dir='ltr'>unus</span> <span class='ocrx_word' id='word_1_173' title='bbox 839 3131 884 3175; x_wconf 86' lang='lat' dir='ltr'>ex</span> <span class='ocrx_word' id='word_1_174' title='bbox 899 3111 1075 3188; x_wconf 88' lang='lat' dir='ltr'>fratribus,</span> 
     </span>
     <span class='ocr_line' id='line_1_30' title="bbox 121 3210 1074 3292; baseline -0.006 -15"><span class='ocrx_word' id='word_1_175' title='bbox 121 3214 216 3278; x_wconf 77' lang='lat' dir='ltr'>lunae</span> <span class='ocrx_word' id='word_1_176' title='bbox 247 3230 441 3277; x_wconf 86' lang='lat' dir='ltr'>mensuram</span> <span class='ocrx_word' id='word_1_177' title='bbox 478 3211 659 3275; x_wconf 86' lang='lat' dir='ltr'>habentem</span> <span class='ocrx_word' id='word_1_178' title='bbox 698 3218 732 3274; x_wconf 92' lang='lat' dir='ltr'>et</span> <span class='ocrx_word' id='word_1_179' title='bbox 760 3210 861 3292; x_wconf 86' lang='lat' dir='ltr'>quasi</span> <span class='ocrx_word' id='word_1_180' title='bbox 894 3210 977 3272; x_wconf 88' lang='lat' dir='ltr'>solis</span> <span class='ocrx_word' id='word_1_181' title='bbox 1008 3229 1074 3272; x_wconf 93' lang='lat' dir='ltr'>non</span> 
     </span>
     <span class='ocr_line' id='line_1_31' title="bbox 122 3311 1075 3390; baseline -0.006 -13"><span class='ocrx_word' id='word_1_182' title='bbox 122 3312 292 3377; x_wconf 88' lang='lat' dir='ltr'>modicam</span> <span class='ocrx_word' id='word_1_183' title='bbox 324 3312 528 3387; x_wconf 89' lang='lat' dir='ltr'>claritatem,</span> <span class='ocrx_word' id='word_1_184' title='bbox 561 3311 640 3375; x_wconf 85' lang='lat' dir='ltr'>coeli</span> <span class='ocrx_word' id='word_1_185' title='bbox 672 3318 805 3373; x_wconf 89' lang='lat' dir='ltr'>secreta</span> <span class='ocrx_word' id='word_1_186' title='bbox 838 3315 1075 3390; x_wconf 87' lang='lat' dir='ltr'>penetrantem</span> 
     </span>
     <span class='ocr_line' id='line_1_32' title="bbox 122 3409 1076 3495; baseline -0.007 -18"><span class='ocrx_word' id='word_1_187' title='bbox 122 3412 296 3495; x_wconf 82' lang='lat' dir='ltr'>adspexit.</span> <span class='ocrx_word' id='word_1_188' title='bbox 365 3409 548 3475; x_wconf 88' lang='lat' dir='ltr'>Discordia</span> <span class='ocrx_word' id='word_1_189' title='bbox 580 3418 658 3473; x_wconf 89' lang='lat' dir='ltr'>orta</span> <span class='ocrx_word' id='word_1_190' title='bbox 690 3416 743 3471; x_wconf 90' lang='lat' dir='ltr'>est</span> <span class='ocrx_word' id='word_1_191' title='bbox 773 3409 863 3472; x_wconf 89' lang='lat' dir='ltr'>inter</span> <span class='ocrx_word' id='word_1_192' title='bbox 893 3426 1007 3488; x_wconf 85' lang='lat' dir='ltr'>regem</span> <span class='ocrx_word' id='word_1_193' title='bbox 1040 3414 1076 3470; x_wconf 92' lang='lat' dir='ltr'>et</span> 
     </span>
     <span class='ocr_line' id='line_1_33' title="bbox 122 3508 1074 3594; baseline -0.007 -18"><span class='ocrx_word' id='word_1_194' title='bbox 122 3513 270 3576; x_wconf 85' lang='lat' dir='ltr'>barones</span> <span class='ocrx_word' id='word_1_195' title='bbox 306 3518 448 3594; x_wconf 90' lang='lat' dir='ltr'>propter</span> <span class='ocrx_word' id='word_1_196' title='bbox 483 3510 679 3574; x_wconf 85' lang='lat' dir='ltr'>Hubertum</span> <span class='ocrx_word' id='word_1_197' title='bbox 720 3508 763 3571; x_wconf 88' lang='lat' dir='ltr'>de</span> <span class='ocrx_word' id='word_1_198' title='bbox 803 3509 934 3589; x_wconf 83' lang='lat' dir='ltr'>Burgo,</span> <span class='ocrx_word' id='word_1_199' title='bbox 974 3526 1074 3589; x_wconf 90' lang='lat' dir='ltr'>quem</span> 
     </span>
     <span class='ocr_line' id='line_1_34' title="bbox 121 3607 1075 3693; baseline -0.007 -16"><span class='ocrx_word' id='word_1_200' title='bbox 121 3614 270 3677; x_wconf 84' lang='lat' dir='ltr'>barones</span> <span class='ocrx_word' id='word_1_201' title='bbox 293 3611 338 3675; x_wconf 85' lang='lat' dir='ltr'>ab</span> <span class='ocrx_word' id='word_1_202' title='bbox 364 3609 475 3674; x_wconf 86' lang='lat' dir='ltr'>officio</span> <span class='ocrx_word' id='word_1_203' title='bbox 505 3608 664 3693; x_wconf 89' lang='lat' dir='ltr'>dejicere,</span> <span class='ocrx_word' id='word_1_204' title='bbox 693 3627 774 3689; x_wconf 84' lang='lat' dir='ltr'>rege</span> <span class='ocrx_word' id='word_1_205' title='bbox 807 3607 1075 3684; x_wconf 89' lang='lat' dir='ltr'>contradicente,</span> 
     </span>
     <span class='ocr_line' id='line_1_35' title="bbox 120 3706 1075 3776; baseline -0.006 -1"><span class='ocrx_word' id='word_1_206' title='bbox 120 3711 297 3776; x_wconf 78' lang='lat' dir='ltr'>volebant.</span> <span class='ocrx_word' id='word_1_207' title='bbox 350 3709 526 3775; x_wconf 89' lang='lat' dir='ltr'>Henricus</span> <span class='ocrx_word' id='word_1_208' title='bbox 549 3709 645 3772; x_wconf 83' lang='lat' dir='ltr'>fratri</span> <span class='ocrx_word' id='word_1_209' title='bbox 668 3727 732 3771; x_wconf 90' lang='lat' dir='ltr'>suo</span> <span class='ocrx_word' id='word_1_210' title='bbox 756 3707 908 3771; x_wconf 88' lang='lat' dir='ltr'>Ricardo</span> <span class='ocrx_word' id='word_1_211' title='bbox 931 3709 966 3771; x_wconf 90' lang='lat' dir='ltr'>in</span> <span class='ocrx_word' id='word_1_212' title='bbox 983 3706 1075 3771; x_wconf 86' lang='lat' dir='ltr'>Vas·</span> 
     </span>
    </p>
   </div>
   <div class='ocr_carea' id='block_1_7' title="bbox 121 3807 1076 3891">
    <p class='ocr_par' dir='ltr' id='par_1_8' title="bbox 121 3807 1076 3891">
     <span class='ocr_line' id='line_1_36' title="bbox 121 3807 1076 3891; baseline -0.005 -16"><span class='ocrx_word' id='word_1_213' title='bbox 121 3811 223 3876; x_wconf 80' lang='lat' dir='ltr'>conia</span> <span class='ocrx_word' id='word_1_214' title='bbox 246 3810 409 3887; x_wconf 89' lang='lat' dir='ltr'>moranti,</span> <span class='ocrx_word' id='word_1_215' title='bbox 435 3809 643 3891; x_wconf 85' lang='lat' dir='ltr'>quingentos</span> <span class='ocrx_word' id='word_1_216' title='bbox 671 3809 861 3872; x_wconf 89' lang='lat' dir='ltr'>transmisit</span> <span class='ocrx_word' id='word_1_217' title='bbox 884 3807 1076 3883; x_wconf 76' lang='lat' dir='ltr'>WalenseS,</span> 
     </span>
    </p>
   </div>
   <div class='ocr_carea' id='block_1_8' title="bbox 121 4063 1077 4271">
    <p class='ocr_par' dir='ltr' id='par_1_9' title="bbox 121 4063 1077 4271">
     <span class='ocr_line' id='line_1_37' title="bbox 158 4063 1076 4134; baseline -0.008 -17"><span class='ocrx_word' id='word_1_218' title='bbox 158 4066 164 4096; x_wconf 91' lang='lat'>¹</span> <span class='ocrx_word' id='word_1_219' title='bbox 182 4070 304 4134; x_wconf 87' lang='lat' dir='ltr'>‘majoris</span> <span class='ocrx_word' id='word_1_220' title='bbox 316 4065 338 4130; x_wconf 66' lang='grc' dir='ltr'>ς’</span> <span class='ocrx_word' id='word_1_221' title='bbox 357 4071 471 4131; x_wconf 78' lang='lat' dir='ltr'>wanting</span> <span class='ocrx_word' id='word_1_222' title='bbox 494 4070 520 4117; x_wconf 92' lang='lat' dir='ltr'>iu</span> <span class='ocrx_word' id='word_1_223' title='bbox 543 4068 582 4118; x_wconf 81' lang='grc' dir='ltr'>Μ.</span> <span class='ocrx_word' id='word_1_224' title='bbox 610 4069 652 4117; x_wconf 86' lang='lat' dir='ltr'>the</span> <span class='ocrx_word' id='word_1_225' title='bbox 675 4069 728 4116; x_wconf 88' lang='lat' dir='ltr'>earl</span> <span class='ocrx_word' id='word_1_226' title='bbox 751 4068 801 4115; x_wconf 88' lang='lat' dir='ltr'>had</span> <span class='ocrx_word' id='word_1_227' title='bbox 823 4069 885 4114; x_wconf 88' lang='lat' dir='ltr'>been</span> <span class='ocrx_word' id='word_1_228' title='bbox 904 4063 1025 4125; x_wconf 82' lang='lat' dir='ltr'>poisoned</span> <span class='ocrx_word' id='word_1_229' title='bbox 1042 4064 1076 4123; x_wconf 74' lang='lat' dir='ltr'>by</span> 
     </span>
     <span class='ocr_line' id='line_1_38' title="bbox 121 4132 1077 4199; baseline -0.01 -10"><span class='ocrx_word' id='word_1_230' title='bbox 121 4138 173 4189; x_wconf 83' lang='lat' dir='ltr'>und</span> <span class='ocrx_word' id='word_1_231' title='bbox 184 4138 232 4189; x_wconf 79' lang='lat' dir='ltr'>Ar.</span> <span class='ocrx_word' id='word_1_232' title='bbox 613 4139 654 4187; x_wconf 85' lang='lat' dir='ltr'>the</span> <span class='ocrx_word' id='word_1_233' title='bbox 662 4138 808 4199; x_wconf 76' lang='lat' dir='ltr'>Justiciury‚</span> <span class='ocrx_word' id='word_1_234' title='bbox 819 4136 919 4183; x_wconf 85' lang='lat' dir='ltr'>Hubert</span> <span class='ocrx_word' id='word_1_235' title='bbox 932 4134 963 4181; x_wconf 90' lang='lat' dir='ltr'>de</span> <span class='ocrx_word' id='word_1_236' title='bbox 973 4132 1077 4193; x_wconf 78' lang='lat' dir='ltr'>Burgh;</span> 
     </span>
     <span class='ocr_line' id='line_1_39' title="bbox 159 4206 899 4271; baseline -0.011 -13"><span class='ocrx_word' id='word_1_237' title='bbox 159 4206 170 4237; x_wconf 88' lang='lat'><strong>¹</strong></span> <span class='ocrx_word' id='word_1_238' title='bbox 186 4208 267 4258; x_wconf 81' lang='lat' dir='ltr'>There</span> <span class='ocrx_word' id='word_1_239' title='bbox 279 4223 334 4258; x_wconf 82' lang='lat' dir='ltr'>was</span> <span class='ocrx_word' id='word_1_240' title='bbox 351 4224 366 4258; x_wconf 89' lang='lat' dir='ltr'>a</span> <span class='ocrx_word' id='word_1_241' title='bbox 386 4208 514 4271; x_wconf 79' lang='lat' dir='ltr'>suspicion</span> <span class='ocrx_word' id='word_1_242' title='bbox 533 4209 588 4257; x_wconf 87' lang='lat' dir='ltr'>that</span> <span class='ocrx_word' id='word_1_243' title='bbox 616 4209 678 4269; x_wconf 83' lang='lat' dir='ltr'>llog.</span> <span class='ocrx_word' id='word_1_244' title='bbox 692 4207 783 4256; x_wconf 90' lang='lat' dir='ltr'>Wend.</span> <span class='ocrx_word' id='word_1_245' title='bbox 795 4208 829 4253; x_wconf 84' lang='lat' dir='ltr'>iv.</span> <span class='ocrx_word' id='word_1_246' title='bbox 843 4206 899 4251; x_wconf 80' lang='lat' dir='ltr'>nr.</span> 
     </span>
    </p>
   </div>
   <div class='ocr_carea' id='block_1_9' title="bbox 0 0 1474 4950">
    <p class='ocr_par' dir='ltr' id='par_1_10' title="bbox 0 0 1474 4950">
     <span class='ocr_line' id='line_1_40' title="bbox 0 0 1474 4950; baseline 0 0"><span class='ocrx_word' id='word_1_247' title='bbox 0 0 1474 4950; x_wconf 95' lang='lat' dir='ltr'> </span> 
     </span>
    </p>
   </div>
  </div>
 </body>
</html>
