2948 4942
380 426 445 489 170
745 441 819 489 uro.
837 442 985 489 cervam

379 597 581 674 servandos,
595 598 831 681 quosdamque
848 599 1000 681 acceptis
1014 600 1190 664 obsidibus
1205 601 1337 665 remisit

379 698 424 761 ad
445 698 595 780 propria.
641 696 833 762 Arthurum
850 719 934 763 vero
958 700 1049 763 misit
1066 699 1334 781 Rotbomagum,

381 798 446 861 sub
481 798 620 862 arctiori
653 799 813 863 custodia
846 799 1080 863 detinendum.
1144 799 1198 863 Ob
1232 800 1336 863 istam

381 898 557 961 victoriam
576 898 676 961 multi
694 906 821 979 putant
836 899 900 961 sibi
925 900 1108 962 convenire
1127 898 1212 962 illud
1242 900 1336 963 Mer-

379 996 441 1060 lini
454 996 597 1074 fatidici,
612 1002 622 1031 ⁴
636 995 761 1079 Capite
781 998 890 1062 leonis
909 999 1153 1063 coronabitur.’
1207 999 1254 1063 Et
1270 1000 1334 1062 ite-

381 1116 456 1160 rum
470 1096 567 1172 illud,
583 1101 593 1131 ‘
608 1095 763 1179 Linguas
780 1105 958 1161 taurorum
979 1097 1170 1175 abscindet,
1192 1105 1229 1162 et
1246 1098 1336 1163 colla

381 1197 590 1278 rugientium
607 1197 764 1261 onerabit
780 1198 934 1261 catenis!

219 1312 370 1354 cinnoma
432 1296 646 1360 Octavianus
674 1296 845 1361 Ostiensis
876 1304 912 1360 et
935 1295 1089 1360 Joannes
1117 1295 1335 1362 Velctrensis

219 1364 238 1404 is
247 1365 346 1403 removed

217 1414 273 1455 non
282 1414 367 1455 rnna.
380 1395 533 1478 episcopi
560 1397 738 1460 venientes
767 1397 803 1460 iu
829 1397 1024 1473 Franciam,
1057 1396 1221 1479 Philippo
1255 1416 1336 1477 rege

380 1496 424 1559 ad
447 1515 564 1559 corum
591 1496 814 1559 monitionem
844 1495 1091 1577 Ingclburgam
1118 1497 1274 1578 reginam
1298 1497 1335 1558 in

380 1596 528 1677 gratiam
555 1594 751 1677 recipiente,
776 1595 1019 1678 celebratoque
1047 1596 1270 1677 interipsum
1301 1604 1338 1659 ct

379 1694 658 1776 superinductam
683 1694 843 1770 divortio,
866 1695 1085 1759 interdictum
1114 1696 1150 1758 in
1174 1695 1335 1771 Francia,

379 1794 471 1876 quod
489 1795 636 1857 triennio
650 1793 848 1871 duraverat,
866 1794 1077 1858 relaxarunt.

218 2364 368 2415 sonuum-ln
444 2347 613 2412 Jonuuus
641 2366 704 2412 rex
729 2346 820 2430 apud
853 2345 1077 2410 cantuariam
1106 2365 1168 2428 per
1198 2364 1336 2408 manum

217 2416 320 2457 mornad.

380 2447 532 2512 Huberti
570 2446 819 2529 archiepiscopi
858 2446 982 2509 iterum
1022 2451 1234 2523 coronatur;
1274 2444 1335 2528 qui

379 2548 499 2612 codem
517 2566 608 2610 anno
626 2546 824 2629 Philippum
850 2544 1096 2608 Belvacensem
1120 2545 1333 2626 episcopum,

380 2667 482 2730 quem
500 2646 670 2709 Ricardus
695 2665 757 2709 rex
780 2643 994 2726 praeliantem
1012 2651 1162 2726 ceperat,
1180 2663 1202 2707 a
1218 2651 1336 2707 casto-

382 2746 439 2810 dia
453 2746 615 2821 libcranS,
634 2744 678 2808 ad
695 2745 834 2827 propria
852 2744 962 2807 redire
979 2745 1144 2826 permisit.
1205 2742 1341 2826 Philip·

382 2865 446 2929 pus
474 2865 536 2908 rex
567 2845 602 2906 in
631 2844 932 2908 exheredationem
960 2844 1052 2924 regis
1083 2843 1222 2925 Angliae
1251 2844 1337 2907 totis

383 2944 513 3010 viribus
527 2943 700 3019 laborans,
719 2943 943 3026 Aquitaniam
960 2944 1148 3024 ingressus
1167 2942 1337 3025 quasdam

383 3045 475 3128 cepit
506 3044 726 3121 munitiones,
760 3043 906 3106 militum
945 3042 1202 3107 Pictaveusium
1241 3035 1339 3105 ¹Bri-

384 3152 571 3226 tonumque
592 3143 720 3207 favore.
774 3142 872 3206 Inter
893 3141 968 3205 haec
989 3161 1081 3225 papa
1103 3141 1340 3219 Innocentius,

384 3265 447 3326 pro
467 3262 553 3326 pace
573 3243 663 3306 inter
685 3262 784 3325 reges
807 3241 1037 3319 reformanda,
1060 3242 1220 3306 abbatem
1244 3241 1340 3305 misit

385 3344 427 3409 de
443 3337 679 3420 ²Casamarrii,
697 3344 768 3425 qui,
791 3342 955 3425 adjuncto
972 3342 1037 3404 sibi
1060 3342 1185 3405 abbate
1202 3339 1339 3404 Trium·

388 3444 564 3520 Fontium,
586 3443 794 3506 auctoritate
812 3440 1005 3523 apostolica
1021 3440 1184 3523 praecepit
1200 3441 1341 3523 utrique

386 3545 470 3624 regi,
488 3553 526 3607 ut
543 3544 743 3607 convocatis
761 3540 931 3623 episcopis
949 3550 984 3604 et
999 3540 1211 3623 principibus
1228 3541 1340 3622 regni,

386 3643 485 3706 salva
510 3643 689 3723 utriusque
707 3641 855 3725 justitia,
884 3659 1002 3722 pacem
1025 3640 1197 3718 iacerent3
1225 3646 1262 3704 et
1281 3641 1341 3703 ab·

385 3742 498 3805 batias
522 3750 724 3824 ceterasque
747 3739 923 3817 ecclesias,
946 3760 1007 3823 per
1027 3759 1146 3803 eorum
1168 3738 1261 3802 bella
1282 3740 1340 3803 de-

222 3860 360 3913 nnnncnn
385 3850 548 3918 structaS,
563 3842 597 3903 in
617 3850 746 3905 statum
766 3840 919 3903 debitum
942 3846 1151 3922 repararent.
1206 3838 1342 3922 Philip-

222 3919 293 3953 enters
304 3912 357 3951 Nor·

222 3965 308 4014 mandy.

384 3962 449 4025 pus
464 3950 580 4006 autom
598 3960 673 4017 rex,
689 3939 880 4022 apostolico
898 3940 1142 4003 nonobstante
1162 3939 1342 4020 mandato,

420 4167 426 4196 ¹
443 4165 650 4225 ‘Britanniaque
659 4159 675 4224 ς’
687 4164 733 4213 Ar.
909 4162 919 4190 ²
935 4164 1097 4214 ‘Casamarii
1110 4161 1132 4225 ;'
1161 4166 1221 4216 M.:
1250 4166 1343 4219 ‘Casa

875 4235 952 4284 Marii
961 4230 975 4292 ;’
987 4235 1035 4284 Ar.
