2940 4950
217 428 285 496 376
326 396 332 407 ²
578 442 650 492 nic.
673 440 821 489 rnrvnrr

58 619 196 660 ranei-rar
222 599 378 677 Paschae,
405 600 449 664 ad
476 606 594 664 votnm
625 618 744 663 eorum
770 597 928 662 absolute
953 595 1069 660 omnia
1094 604 1172 659 sunt

59 670 171 768 {iffi
223 718 398 765 concessa.
467 699 725 764 Perambulatio
759 704 875 763 autem
906 695 1048 761 forestae
1082 714 1172 760 com·

113 768 155 809 m
223 801 330 864 missa
360 806 413 864 est
439 819 501 882 per
529 805 639 863 totam
664 797 828 880 Angliam
852 797 965 861 tribus
991 795 1173 878 episcopis,

224 898 436 981 totidemque
459 892 674 975 ¹comitibus,
706 897 960 979 baronibusque
988 895 1027 958 in
1055 894 1174 959 eodem

225 1017 380 1075 numero,
404 1005 445 1062 ut
467 998 533 1081 ipsi
553 998 667 1062 Dauni
687 995 853 1060 habentes
875 1015 947 1078 prae
970 993 1094 1071 oculis,
1116 1013 1175 1058 ex·

224 1098 436 1162 secutionem
452 1098 625 1176 sacerent;
648 1103 684 1160 ct
700 1097 730 1160 si
745 1115 816 1179 qua
831 1102 1045 1176 emergerent
1058 1093 1173 1172 dubia,

224 1196 286 1262 illa
314 1196 501 1261 secundum
536 1198 649 1261 Dsuu
679 1202 715 1259 et
742 1195 915 1279 justitiam
947 1193 1175 1259 declararent.

61 1314 171 1404 {soff
227 1296 271 1359 In
296 1295 541 1361 Translatione
561 1296 654 1360 beati
676 1294 821 1360 Thomae
842 1294 1004 1378 martyris
1023 1292 1175 1358 cantua-

62 1368 180 1504 (ΞΜ
226 1396 313 1460 riam
331 1403 498 1461 venerunt
522 1396 634 1460 nuntii
648 1388 774 1478 'papae
798 1413 914 1476 regem
936 1402 1115 1476 rogantes,
1136 1400 1174 1457 nt

227 1490 415 1560 ³Joannem
437 1495 609 1578 quondam
627 1514 743 1577 regem
768 1494 896 1559 Scotiae
918 1513 992 1557 suae
1014 1492 1174 1557 liberaret

227 1596 406 1673 custodiae,
440 1596 661 1679 spondentes,
692 1594 783 1677 quod
816 1612 930 1675 regem
965 1600 1001 1656 et
1033 1611 1175 1674 regnum

227 1695 271 1757 ab
286 1695 392 1771 omni,
410 1696 500 1778 quod
519 1715 581 1777 per
597 1694 684 1759 hanc
700 1693 934 1758 liberationem
952 1701 1071 1774 posset
1095 1711 1174 1756 con·

63 1817 189 1858 enum
227 1793 372 1875 tingere,
402 1795 555 1875 periculo
585 1785 869 1876 praeservarent*
933 1791 1090 1871 Quorum
1117 1811 1175 1874 pe·

64 1867 213 1918 ¹¹⁰⁰⁸¹⁸⁰¹‘⁶'
228 1892 342 1958 titioni
367 1913 430 1957 rex
456 1893 732 1958 condescendens
762 1891 890 1956 nuntiis
917 1911 1018 1975 papae
1050 1892 1174 1955 libera·

228 1992 280 2057 vit
313 2012 404 2069 eum,
432 2013 533 2076 quem
568 1993 773 2058 translatum
804 1993 993 2056 interram
1023 1991 1175 2068 Ballioli,

229 2111 332 2174 quam
355 2093 477 2157 babuit
500 2095 534 2157 in
560 2112 668 2175 regno
688 2093 857 2168 Franciae,
880 2092 1093 2174 reliquerunt
1112 2091 1176 2154 sub

66 2214 177 2255 neuin
229 2199 400 2256 certorum
427 2192 585 2257 custodia
614 2193 844 2276 praelatorum.
897 2190 985 2254 Post
1012 2189 1088 2254 lraec
1116 2189 1175 2254 alii

64 2265 187 2355 min·
228 2292 358 2373 captivi
390 2311 411 2355 a
439 2294 577 2374 regibus
603 2292 744 2369 detenti,
773 2289 958 2355 hincinde
986 2288 1174 2354 secundum

64 2366 177 2416 ”mm
228 2390 443 2455 conditiones
469 2393 504 2455 in
528 2399 726 2474 treugarum
749 2390 968 2456 concessione
985 2390 1119 2472 positas
1135 2389 1176 2453 li·

67 2512 175 2561 rnnng
227 2490 403 2554 berantur.
458 2491 537 2555 Rex
571 2491 710 2573 Angliae
738 2492 774 2554 in
801 2489 996 2555 Nativitate
1019 2489 1175 2570 Virginis

65 2563 179 2661 ffi'ir'a,
227 2589 388 2670 gloriosae
405 2591 495 2673 apud
515 2589 740 2655 Cantuariam
758 2590 1005 2671 Margaretam,
1023 2608 1173 2653 sororem

65 2663 184 2763 llllllv.
227 2690 319 2770 regis
347 2690 516 2766 Franciae,
540 2685 791 2773 ⁵desponsavit.
846 2689 888 2753 ln
917 2688 1005 2752 sesto
1030 2690 1065 2753 S.
1082 2688 1176 2752 Mar-

228 2788 303 2864 tini,
336 2789 564 2870 parliamento
597 2790 715 2854 habito
747 2789 838 2871 apud
871 2788 1080 2866 Eboracum,
1113 2809 1172 2852 rex

229 2886 441 2951 Berewicum
466 2890 706 2970 progreditur3
732 2888 912 2953 intendens
934 2888 1081 2952 ulterius
1097 2909 1174 2972 pro·

227 2984 379 3050 cedendo
419 3005 579 3052 amovere
615 2989 825 3053 obsidionem
866 2987 1046 3051 Scotorum
1087 2989 1177 3051 circa

228 3093 378 3148 castrum
409 3086 452 3149 dc
481 3087 657 3165 Strivelin,
685 3088 744 3151 ubi
770 3086 871 3151 valde
901 3087 1006 3151 artati
1037 3087 1176 3151 fuerunt

229 3184 380 3262 obsessi;
412 3187 472 3249 sed
498 3188 721 3251 causantibus
750 3187 936 3270 majoribus
958 3185 1036 3250 loca
1059 3186 1175 3270 palus·

230 3285 297 3347 tria
326 3293 467 3367 propter
491 3287 679 3351 brumalem
707 3287 942 3369 intemperiem
970 3286 1178 3350 immeabilia

230 3403 316 3460 esse,
345 3387 557 3466 praemonitis
587 3395 688 3450 caute
713 3385 874 3462 obsessis,
907 3392 945 3447 nt
972 3384 1081 3449 salvis
1106 3386 1178 3450 vita

229 3493 265 3546 ct
307 3485 467 3547 membris
503 3493 655 3549 castrum
692 3485 883 3561 redderent,
917 3492 997 3566 post
1036 3484 1177 3561 Natale,

230 3583 320 3665 quod
355 3584 479 3647 ibidem
511 3587 634 3661 tenuit,
662 3586 697 3648 in
728 3584 892 3665 Angliam
923 3591 977 3648 est
1008 3603 1177 3648 reversus.

68 3677 159 3773 ml
231 3682 329 3746 Insra
369 3683 508 3747 Natalis
547 3684 715 3749 solemnia
745 3683 918 3766 prohibita
954 3690 1008 3746 est
1040 3693 1179 3748 moneta

1 3840 31 3855 .,
67 3776 192 3825 ΝΟΜ·
229 3781 511 3863 alienigenarum,
536 3785 601 3847 sub
622 3783 845 3848 similitudine
865 3782 1110 3863 sterlingorum
1131 3783 1180 3847 in·

264 4002 491 4069 ¹‘comitibusque
510 4014 536 4057 et
554 4009 690 4057 baronibus
752 4003 983 4067 “reservarent3’
1013 4010 1075 4056 Cod-
1099 4010 1179 4070 Mega

226 4075 252 4122 in
265 4078 359 4136 aequali
372 4093 474 4126 numero
484 4073 503 4139 ;’
516 4079 555 4127 M.
716 4079 750 4128 all
769 4077 811 4127 tbe
828 4078 912 4127 others
929 4079 980 4127 aad
996 4079 1181 4141 Walsingbam,

262 4144 271 4171 ²
287 4145 399 4193 ‘domini
411 4163 486 4209 papae
497 4144 515 4207 3’
529 4149 567 4197 M.
716 4153 758 4209 to,
768 4148 832 4197 have
843 4144 1058 4210 ‘praeservarent'

260 4211 271 4241 ⁸
286 4215 425 4264 ‘Joannem
437 4218 469 4266 de
483 4218 592 4267 Balliolo
599 4214 622 4280 ς’
634 4219 672 4267 Μ.
750 4216 761 4245 ⁶
777 4220 897 4267 ‘uxorem
909 4214 1035 4278 accepit;’
1047 4219 1086 4266 M.
