2940 4950
573 414 753 462 nuunnns.
1092 400 1136 465 47

186 570 280 647 sivit,
311 589 417 633 unum
444 569 552 634 filium
585 570 707 635 habuit
739 571 966 649 Willelmum,
998 580 1034 636 et
1067 581 1137 636 tres

186 670 295 748 filias3
329 690 474 753 quarum
503 689 609 734 unam
639 671 741 736 duxit
765 691 880 737 comes
905 671 1138 748 Tholosanus,

187 789 372 849 germanus
391 770 592 852 Raymundi
613 771 748 835 comitis
767 771 957 853 S.AEgidii,
978 779 1074 835 etex
1096 791 1138 835 ea

187 867 293 931 filiam
331 870 468 933 unicam
504 871 710 951 procreavit,
742 890 844 953 qnam
876 879 999 953 postea
1037 872 1138 934 duxit

188 966 385 1030 Willelmus
414 969 487 1031 dux
510 967 723 1051 Aquitaniae,
750 978 786 1033 et
815 989 930 1034 comes
956 969 1137 1046 Pictaviae,

190 1066 363 1148 accipiens
396 1081 474 1130 cum
501 1088 543 1131 ea
558 1067 795 1162 ¹hereditatem
822 1075 1011 1150 paternam.
1065 1069 1138 1132 Iste

191 1174 306 1229 autem
323 1165 532 1243 willelmus,
549 1187 612 1248 pro
628 1168 775 1248 pecunia
789 1167 948 1231 habenda
962 1168 998 1231 in
1016 1162 1138 1249 ¹expe·

190 1265 320 1328 ditione
332 1264 451 1329 Terrae
462 1265 614 1342 Sanctae,
629 1266 805 1330 civitatem
820 1265 1020 1343 Tholosam,
1035 1286 1139 1348 quam

191 1382 269 1426 cum
305 1384 414 1428 uxore
448 1383 513 1427 sna
543 1371 737 1446 acceperat,
768 1366 1015 1447 impignoravit
1043 1365 1140 1447 Ray·

191 1463 319 1527 mundo
336 1463 453 1528 comiti
467 1464 501 1528 S.
512 1462 654 1545 AEgidii,
670 1472 794 1545 patruo
810 1464 930 1528 uxoris
945 1483 1029 1528 snae.
1060 1464 1140 1543 Quo
1191 1492 1193 1497 ·

192 1569 340 1641 mortno,
355 1563 466 1627 tenuit
476 1564 620 1627 eandem
635 1563 810 1627 civitatem
822 1557 1033 1628 ²Amsorcins
1049 1564 1140 1627 lilius

192 1661 279 1744 ejus,
306 1668 341 1725 et
362 1671 442 1745 post
461 1670 605 1727 mortem
621 1660 788 1727 Amsorcii
806 1663 1033 1747 Raymundns
1050 1663 1140 1728 filius

193 1761 280 1843 ejus,
299 1762 359 1843 qui
378 1763 555 1844 S.AEgidii
571 1781 685 1826 comes
700 1761 777 1826 suit.
812 1762 1008 1826 Willelmus
1025 1771 1140 1827 autem

193 1859 266 1922 dux
282 1860 494 1941 Aquitaniae,
513 1863 573 1944 qui
594 1861 781 1927 Tholosam
804 1860 1063 1944 impignoravit,
1081 1882 1141 1944 ge·

193 1960 268 2021 nuit
286 1959 497 2023 Willelmnm
515 1981 560 2024 ex
577 1960 648 2024 filia
665 1968 700 2023 ct
717 1960 842 2024 herede
858 1962 994 2025 comitis
1011 1960 1141 2024 Tholo-

194 2058 293 2134 sani3
320 2058 378 2139 qui
396 2058 603 2135 willelmus,
626 2067 779 2140 paternae
802 2066 838 2122 et
857 2068 1023 2123 maternae
1047 2059 1144 2123 here·

195 2155 315 2219 ditatis
345 2175 534 2233 successor,
569 2164 669 2237 pater
701 2164 777 2220 erat
807 2155 982 2220 Alianorae
1015 2160 1143 2238 reginae

198 2252 350 2335 Angliae,
367 2255 411 2317 ad
428 2274 531 2337 quam
549 2262 714 2336 tanquam
731 2255 888 2318 heredem
911 2256 1031 2319 debuit
1050 2256 1145 2319 here-

197 2353 289 2417 ditas
323 2361 469 2435 paterna
505 2352 655 2418 devolvi.
715 2353 796 2417 Rex
831 2354 937 2435 igitur
970 2353 1145 2418 Henricns

196 2452 431 2517 Tholosanam
447 2452 635 2531 civitatem,
658 2471 720 2535 per
736 2472 839 2517 avum
862 2453 982 2516 uxoris
1004 2472 1077 2517 suae
1093 2454 1146 2516 in·

197 2551 386 2628 radiatam,
402 2550 596 2629 vindicans,
614 2571 690 2615 cnm
708 2552 863 2615 exercitu
880 2571 1007 2633 magno
1029 2559 1146 2634 partes

197 2650 415 2715 Tholosanas
430 2651 620 2732 ingressus,
636 2651 811 2715 civitatem
830 2649 1088 2728 Caturcensem,
1111 2659 1147 2715 et

198 2770 361 2832 magnam
382 2757 514 2833 partem
541 2750 727 2816 comitatus
750 2750 952 2826 Tholosani,
978 2751 1044 2814 sibi
1066 2752 1147 2814 sub·

195 2849 290 2933 jecit.
343 2849 400 2915 Ad
423 2850 512 2915 hanc
532 2850 787 2933 expeditionem
804 2850 899 2913 venit
920 2844 1310 2953 ⁸M³¹⁰⁰¹ffl⁰⁸ffigfflfss¹2¹l⁸

199 2969 262 3012 rex
287 2949 425 3026 Scotiae,
453 2957 488 3013 et
507 2951 550 3013 ab
573 2949 727 3014 Henrico
751 2969 833 3030 rege
859 2948 1052 3031 Anglornm
1077 2949 1283 3013 cin-saonen

199 3048 284 3129 gulo
307 3047 439 3112 militiae
461 3056 515 3112 est
529 3049 716 3112 accinctus.
768 3046 924 3112 Audiens
948 3056 1063 3112 autem
1084 3068 1147 3111 rex
1158 3015 1249 3062 ‘'m‘'

200 3144 341 3227 Angliae
370 3166 486 3227 regem
515 3147 727 3211 Lodovicum
758 3146 935 3210 civitatem
960 3145 1149 3211 Tholosam

201 3245 365 3320 munisse,
381 3251 417 3307 et
432 3263 507 3308 eam
523 3245 612 3309 velle
631 3264 693 3328 pro
711 3244 920 3327 Raymundo
936 3246 1067 3309 sororio
1085 3264 1149 3309 suo

200 3351 323 3408 contra
337 3362 453 3424 regem
467 3343 606 3425 Angliae
622 3342 814 3420 defendere,
829 3343 1040 3407 obsidionem
1054 3343 1149 3407 Tho·

201 3444 286 3508 losae
299 3463 341 3507 ea
355 3443 432 3505 vice
444 3441 583 3506 dimisit.

254 3542 427 3623 Magister
443 3513 569 3606 P⁸etrus
581 3540 877 3623 Lombardus,qui
894 3539 1150 3605 Sententiarum
1162 3572 1268 3612 paam,

201 3641 325 3705 librum
338 3641 551 3724 compilavit,
557 3647 592 3705 et
598 3639 807 3704 Psalterinm
817 3639 1040 3723 acEpistolas
1047 3640 1149 3705 Pauli
1161 3623 1272 3663 mm·

201 3741 384 3822 glossavit,
397 3740 462 3805 hoc
474 3760 564 3805 anno
579 3740 693 3804 lactus
708 3746 761 3803 est
778 3739 960 3822 episcopus
976 3739 1149 3803 Parisien-

200 3955 304 4021 tonum‚'
316 3960 434 4023 properly
446 3959 590 4021 Meritonii;
607 3973 665 4008 now
726 3955 736 3985 ²
751 3958 769 4006 i.
787 3973 808 4006 e.
824 3958 981 4020 Alphonsus.
1018 3960 1090 4008 From
1106 3960 1153 4008 ‘li-

204 4030 326 4092 Mortuin,
347 4031 374 4079 in
396 4031 435 4079 La
456 4029 576 4091 Manche,
598 4029 664 4078 Nor·
691 4027 742 4076 lius
759 4027 833 4092 ejus,'
854 4032 881 4076 to
904 4029 912 4056 ‘
924 4029 992 4077 filius
1011 4031 1068 4090 ejus
1090 4024 1152 4089 qni,’

203 4100 307 4161 mandy.
691 4092 968 4146 areomttedinn's.

241 4167 249 4198 ¹
267 4167 471 4230 ‘expeditionem
483 4163 498 4229 ;’
511 4163 578 4217 ΠΛ.
725 4164 736 4198 ⁸
752 4166 927 4216 ‘Malcolinus
938 4164 954 4224 ;’
966 4164 1035 4215 1224.
