2940 4950
578 484 761 533 aurnuns.
1077 468 1143 532 263

184 649 221 705 et
243 639 345 719 lilios,
373 642 525 705 famosus
555 640 622 704 suit
647 639 838 705 advocatus
864 643 899 704 et
925 641 1141 706 consiliarius

185 740 279 822 regis
304 741 525 805 Francorum.
580 739 724 805 Mortua
749 760 831 804 vero
855 760 975 818 uxore,
1000 749 1142 824 propter

186 840 296 904 vitam
329 843 469 918 bonam,
505 847 674 916 sanctam,
707 848 743 905 et
776 841 995 917 laudabilem,
1029 842 1149 923 primo,

149 974 153 978 ·
187 937 371 1005 Podiensis
399 941 582 1023 episcopus
608 938 765 1016 efficitur,
795 959 836 1005 ac
862 940 984 1004 deinde
1008 940 1139 1005 archie-

185 1037 350 1122 plsoopus
374 1038 622 1113 Narbonensis,
647 1039 784 1102 tandem
813 1039 856 1103 ad
888 1039 1139 1104 cardinalatum

187 1146 401 1221 assumptus,
421 1139 461 1204 fit
484 1139 666 1221 episcopus
685 1136 904 1215 Sabinensis3
933 1140 992 1220 qni
1016 1160 1093 1203 cunr
1118 1158 1140 1203 a

187 1254 282 1320 papa
304 1237 448 1303 Urbano
471 1238 594 1301 missus
619 1236 742 1300 fuisset
763 1237 900 1318 legatus
918 1238 954 1300 in
976 1238 1139 1320 Angliam

188 1354 253 1417 pro
286 1340 380 1419 pacis
411 1336 665 1412 reformatione,
698 1336 822 1400 absens
856 1336 985 1400 electus
1019 1346 1073 1402 est
1104 1338 1140 1400 in

189 1429 199 1466 ¹
205 1454 343 1519 papam.
394 1436 538 1501 clarent
564 1436 617 1499 his
649 1437 861 1518 temporibus
891 1435 1034 1500 Parisiis
1063 1438 1141 1501 doc·

190 1543 284 1599 tores
320 1536 438 1600 eximii
480 1535 587 1600 frater
618 1535 771 1599 Thomas
809 1536 852 1599 de
884 1534 1025 1617 Aquino
1052 1538 1143 1601 inter

191 1631 453 1712 Praedicatores‚
473 1636 722 1700 Bonaventura
746 1634 837 1703 inter
855 1635 1019 1699 Minores.

218 1893 245 1930 D.
258 1894 284 1930 ll.
294 1894 315 1930 J·
325 1894 349 1931 0.
441 1896 464 1932 Ρ.
478 1895 640 1932 ΙΟΙΛΝΟΒῦΜ
654 1896 678 1933 Β.
771 1896 924 1932 ralnconuu
978 1895 1116 1932 ANOLORUH

606 1952 738 1963 -—-·-

234 1980 342 2019 noum.
392 1981 531 2018 omanus
542 1982 577 2021 rr.
599 1954 721 2017 'nrcnanr
768 1982 880 2018 nonov1cr
892 1982 930 2019 rx.
972 1979 1126 2018 usnemun.

476 2043 500 2089 l.
651 2042 690 2088 10.
830 2042 869 2089 39.
1029 2042 1071 2088 49.

236 2226 356 2292 Inuus
386 2230 529 2293 comites
561 2227 759 2293 Leicestriae
788 2227 973 2309 Symonem
997 2230 1033 2288 et
1055 2221 1141 2287 Glo·
1154 2248 1276 2289 armar·

190 2328 320 2392 varniae
339 2327 554 2393 Gilebertum
575 2329 640 2393 bac
657 2327 838 2392 occasione
855 2324 982 2388 dicitur
1000 2323 1143 2387 suborta
1154 2311 1272 2390 ῗὲἷὲἔιι...

188 2427 358 2492 simultas.
411 2426 536 2493 Comes
556 2428 649 2492 enim
675 2427 871 2490 Leicestriae
889 2431 1033 2487 nonest
1062 2441 1142 2486 con·

190 2535 309 2592 tentus
340 2546 456 2610 regem
486 2527 627 2609 Angliac
656 2546 678 2590 a
709 2546 746 2590 se
778 2524 954 2606 captivum
985 2522 1143 2598 detineri,

191 2646 313 2692 verum
338 2635 455 2691 castra
480 2627 578 2708 regia
602 2627 638 2689 in
659 2625 824 2689 ditionem
848 2625 1023 2707 propriam
1046 2641 1143 2686 acce·

191 2726 257 2809 pit,
277 2726 463 2809 disponens
488 2746 552 2809 pro
578 2726 677 2789 libitu
700 2744 764 2789 suo
783 2742 926 2806 regnum
952 2731 1075 2801 totum,
1090 2715 1144 2786 'et

190 2825 312 2912 (quod
342 2827 516 2909 praecipue
549 2821 769 2909 offendebat)
807 2831 997 2906 proventus
1033 2822 1144 2905 regni,

190 2927 511 3009 redemptionesque
565 2926 779 3007 captivorum
844 2923 1145 3005 emolumentaque

193 3024 277 3103 alia,
310 3044 388 3108 quae
425 3025 516 3091 inter
553 3044 613 3090 eos
650 3043 751 3107 ecqua
786 3031 879 3087 sorte
918 3017 1143 3106 ³[secundum

193 3125 432 3190 conventionis
458 3124 621 3211 formam]
650 3123 757 3188 dividi
782 3123 964 3197 debebant,
988 3123 1052 3186 sibi
1080 3121 1145 3185 soli

194 3225 350 3290 totaliter
387 3224 596 3290 vindicabat.
653 3223 687 3289 A
721 3224 801 3286 filiis
831 3241 969 3304 quoque
1002 3221 1078 3304 ejus
1110 3221 1144 3282 in

193 3325 389 3408 snperbiam
426 3325 551 3391 erectis
589 3318 818 3405 ‘contemptui
862 3320 1044 3383 videbatur
1086 3318 1146 3380 ha-

193 3424 279 3488 beri.
330 3423 510 3507 Superbia
536 3444 597 3508 per
613 3424 772 3487 comitem
792 3420 1007 3485 Gilebertum
1033 3418 1145 3498 requi·

195 3523 296 3601 situs,
327 3531 538 3606 rogatusque
568 3532 608 3588 nt
637 3542 750 3604 regem
784 3519 1010 3595 Alemanniae,
1041 3535 1145 3600 quos·

195 3621 344 3706 demque
360 3623 448 3689 alios
468 3624 626 3707 captivos
643 3622 788 3698 nobiles,
803 3641 864 3705 per
881 3622 994 3703 ipsum
1009 3626 1045 3682 et
1064 3636 1147 3681 suos

196 3722 232 3787 in
261 3722 352 3787 bello
379 3731 513 3806 captos,
542 3723 609 3787 sibi
632 3722 809 3801 redderet3
844 3741 922 3785 cum
946 3719 1071 3783 leviter
1094 3738 1148 3782 re·

196 3822 406 3905 spondisset,
429 3823 590 3888 inchoata
622 3820 795 3887 discordia
822 3820 987 3885 radicitus
1014 3827 1067 3883 est
1093 3819 1150 3881 lir-

195 3928 301 3986 mata.
344 3922 535 3988 Discedens
553 3922 680 4006 qnippe
691 3941 768 3986 cum
783 3921 1022 4003 indignatione
1035 3935 1149 3982 comes

233 4128 418 4196 ¹‘papatum’
429 4133 478 4183 Ar.
724 4128 875 4193 'Supplied
887 4130 949 4179 from
959 4130 998 4178 M.
1006 4128 1057 4176 and
1067 4126 1115 4176 Ar.

232 4200 243 4232 ¹
258 4205 266 4233 ‘
277 4209 304 4253 et
315 4204 444 4266 precipue
454 4202 597 4253 offendebat
608 4218 665 4265 pro·

196 4268 310 4335 ventum⁸
323 4273 456 4325 MmtAr.
725 4268 911 4330 ⁴‘coutemptn
923 4264 936 4329 ς’
948 4268 994 4317 Ar.

1231 2301 1305 2349 begins
