2940 4950
399 418 444 485 48
756 434 830 483 ruo.
848 432 997 482 rnrvnrr

238 625 341 665 mo
400 594 459 656 sis.
504 591 547 654 In
558 590 678 672 vigilia
691 590 727 655 S.
742 587 989 653 Bartholomeei
1004 586 1090 652 obiit
1099 586 1281 653 Adrianus
1295 609 1362 672 pe·

237 675 378 765 fferam
400 712 458 774 pa,
475 710 553 754 cum
570 691 715 754 sedisset
734 689 833 753 annis
849 694 1010 770 quatuor,
1027 688 1203 752 mensibus
1220 696 1307 753 octo
1323 699 1361 753 et

400 791 519 855 diebus
547 809 682 864 novem,
711 797 746 852 et
774 788 911 851 vacavit
935 786 1035 850 sedes
1061 786 1182 851 diebus
1205 807 1359 868 novem3

400 889 624 972 sepultusque
640 888 742 952 estin
757 886 931 950 Vaticano
942 886 1050 968 juxta
1065 905 1192 968 corpus
1203 886 1358 967 Eugenii

400 1007 512 1071 papae.
565 987 636 1051 Hic
658 996 808 1051 castrum
831 994 953 1049 contra
974 985 1087 1048 lacum
1108 992 1240 1049 sanctae
1259 984 1360 1050 Cris·

400 1089 494 1164 tina,
517 1096 552 1151 et
567 1087 694 1150 multas
716 1084 952 1167 possessiones
974 1102 996 1146 a
1013 1084 1197 1148 comitibus
1212 1103 1359 1167 compa.

274 1229 287 1257 0
400 1188 503 1251 ravit.
565 1186 638 1250 Cal.
666 1184 877 1266 Septembris
905 1182 1086 1247 Rolandus
1112 1183 1358 1262 cancellarius,

237 1279 263 1307 '¹¹
301 1328 365 1358 mn.
401 1286 492 1350 tituli
518 1285 628 1349 sancti
652 1284 763 1348 Marci
788 1282 966 1364 presbyter
985 1281 1181 1359 cardinalis,
1209 1284 1358 1348 natione

252 1377 356 1457 ‘lat‘
400 1386 549 1462 Tuscus,
575 1384 689 1467 patria
714 1381 888 1456 Senensis,
916 1382 951 1443 in
982 1400 1108 1462 papam
1138 1380 1295 1463 eligitur,
1320 1392 1358 1449 et

400 1494 545 1550 vocatus
565 1492 617 1547 est
635 1480 835 1547 Alexander
851 1479 925 1543 III.
942 1479 1082 1543 Electus
1097 1487 1151 1544 est
1166 1480 1211 1543 ab
1228 1480 1356 1565 aliqui-

273 1600 352 1646 aaut
402 1586 464 1648 bns
487 1582 718 1646 cardinalibus
741 1574 984 1654 ¹Octavianus,
1004 1579 1096 1642 tituli
1115 1578 1149 1643 S.
1164 1579 1294 1645 Mariae
1318 1583 1355 1647 in

240 1658 262 1687 κ
297 1657 326 1686 '⁰'
401 1677 612 1762 ²Cosmodyn
622 1681 801 1761 presbyter
811 1678 1007 1754 cardinalis,
1022 1679 1129 1761 quise
1141 1680 1257 1744 vocari
1269 1679 1357 1747 iecit

403 1781 580 1845 Victorem
600 1779 750 1855 tertium,
773 1787 807 1842 et
826 1785 998 1859 potestate
1021 1786 1201 1858 parentum
1221 1779 1357 1847 invasit

402 1886 579 1962 papatum,
595 1878 843 1958 suscitavitque
860 1876 1020 1941 schisma.

452 1978 614 2041 Terricns
634 1996 748 2040 comes
776 1976 947 2039 Flandriae
970 1975 1070 2040 rediit
1087 1977 1121 2039 in
1140 1976 1358 2059 Jerusalem,

238 2069 341 2148 2..¹}.¹¹¹,⁰¹
402 2077 501 2158 cujus
527 2095 628 2151 uxor,
655 2077 763 2139 invito
791 2076 927 2152 marito,
951 2075 1114 2139 remansit
1137 2095 1213 2139 cum
1243 2079 1358 2144 ubba.

403 2177 488 2241 tissa
515 2176 550 2240 S.
577 2170 717 2238 ³Laaari
752 2175 787 2237 in
819 2175 1001 2240 Bethania.
1055 2175 1177 2239 Mense
1204 2175 1356 2245 Octobri

403 2276 576 2340 Henricus
600 2296 663 2339 rex
687 2272 836 2355 Angliae,
863 2275 995 2337 mnnita
1016 2274 1157 2338 civitate
1179 2273 1356 2343 caturco·

402 2397 475 2440 rum
499 2383 534 2440 et
557 2373 796 2440 commendata
818 2373 962 2436 Thomae
982 2373 1188 2438 cancellario
1211 2394 1292 2452 suo,
1316 2390 1355 2443 et

401 2476 577 2556 dispositis
602 2473 803 2537 custodibus
823 2472 1031 2555 auxiliisque
1056 2474 1091 2535 in
1114 2473 1199 2537 locis
1221 2493 1355 2557 oppor-

402 2575 507 2648 tunis,
529 2575 563 2636 in
589 2572 836 2635 Normanniam
860 2579 913 2634 est
930 2591 1097 2635 reversus.
1148 2566 1356 2655 ⁴Progredi·

402 2690 531 2752 ensque
546 2671 626 2733 inde
644 2671 678 2732 in
694 2690 822 2752 pagum
843 2671 1087 2735 Belvacensem
1102 2671 1203 2736 villas
1220 2673 1355 2740 multas

400 2771 599 2844 combussit,
623 2770 871 2852 castellumque
892 2771 1156 2834 munitissimum
1176 2766 1355 2839 ⁵Guerha·

403 2888 462 2952 ray
492 2870 676 2943 destruxit,
702 2877 849 2951 excepta
878 2869 1025 2950 quadam
1048 2869 1223 2946 firmitate,
1242 2891 1352 2953 quam

401 2989 443 3032 ne
457 2976 621 3052 caperent
635 2968 788 3032 homines
811 2969 915 3048 regis,
930 2969 1020 3050 ignis
1046 2968 1221 3050 prohibuit
1241 2978 1352 3054 atque

399 3069 523 3131 fumus.
555 3068 672 3131 Simon
684 3087 798 3131 comes
809 3066 1027 3131 Ebroicensis
1039 3067 1181 3132 tradidit
1191 3067 1352 3136 Henrico

401 3169 474 3247 regi
502 3164 639 3247 Angliae
672 3167 852 3229 firmitates
886 3184 980 3243 suas,
1011 3186 1097 3249 quas
1131 3167 1281 3232 habebat
1313 3172 1351 3234 in

403 3265 562 3342 Francia,
578 3265 738 3329 videlicet
761 3259 1068 3347 ⁶Rupemdortem,
1097 3265 1352 3349 Esperlionem,

400 3370 435 3428 et
456 3366 662 3429 munitiones
685 3366 783 3441 alias,
806 3365 896 3447 quod
920 3383 1046 3446 magno
1061 3364 1266 3432 detrimento
1281 3366 1353 3434 fuit

399 3466 472 3546 regi
497 3466 721 3539 Francorum,
743 3464 892 3546 eoquod
917 3483 985 3527 non
1011 3465 1124 3547 potuit
1139 3464 1244 3529 libere
1267 3485 1352 3549 pro·

398 3563 519 3627 cedere
532 3563 574 3626 de
588 3555 760 3639 ⁷Parisiis,
771 3563 981 3639 Aurelianis,
996 3564 1050 3627 vel
1066 3563 1228 3646 stampis,
1243 3584 1353 3649 prop-

400 3670 452 3724 ter
478 3660 711 3736 Normannos,
739 3681 825 3742 quos
856 3670 1020 3744 posuerat
1050 3682 1112 3727 rex
1142 3663 1282 3745 Angliae
1312 3667 1353 3731 in

434 3857 442 3889 ¹
455 3863 462 3887 ‘
475 3860 631 3908 Octavianus
643 3857 656 3919 ;‘
667 3862 726 3911 Cod.
738 3862 801 3923 Reg.
809 3862 859 3911 and
886 3862 961 3923 berny
972 3857 986 3922 ;’
995 3861 1042 3912 Ar.
1062 3863 1128 3912 Now
1135 3863 1278 3926 Gerberoy,
1288 3880 1356 3919 near

399 3925 466 3978 D'A.
479 3929 640 3990 throughout.
886 3933 1023 3981 Beauvaiu.

433 3997 444 4029 ³
460 3999 615 4048 ‘Coemedin
625 3994 639 4060 3’
651 3998 698 4048 Ar.
917 3998 928 4029 ⁸
944 4002 982 4050 M.
999 4002 1048 4050 and
1066 4002 1114 4051 Ar.
1132 4003 1184 4051 add
1199 4005 1207 4032 ‘
1221 4003 1355 4056 Montem-

433 4067 444 4097 ³
459 4071 467 4096 ‘
481 4069 580 4117 Laznrii
591 4065 605 4127 ;’
618 4069 677 4118 MS.
689 4071 751 4130 Reg.
886 4068 995 4120 sortem!

433 4138 442 4168 ⁴
458 4142 466 4168 ‘
480 4140 649 4202 Progrediens
661 4140 719 4187 inde
727 4134 742 4199 ;'
755 4134 822 4187 ΠΛ.
918 4137 928 4168 ⁷
945 4141 988 4188 All
999 4140 1041 4190 the
1054 4142 1129 4191 MSS.
1141 4142 1191 4191 und
1200 4142 1272 4195 n‘A.
1284 4144 1356 4197 have

432 4209 443 4240 ⁵
458 4214 466 4238 ⁴
479 4212 627 4272 Guerberey
637 4205 653 4271 ;’
676 4211 714 4258 M.
754 4208 858 4258 ‘Gneo
883 4206 1038 4260 ‘Parisino’
