2940 4950
578 427 757 477 anninus.
1098 412 1142 477 23

189 584 356 661 ascendit,
387 582 564 647 annitente
591 602 684 667 papa
715 583 883 666 Eugenio,
916 582 1015 666 cujus
1048 584 1139 666 apud

190 683 420 747 clarevallem
444 684 509 747 sub
536 690 634 765 patre
660 683 839 747 Bernardo
867 677 997 747 ¹suerat
1020 702 1139 748 conso-

189 783 288 846 dalis.
342 781 452 860 Quem
478 783 513 845 in
528 780 693 864 Angliam
715 803 890 846 reversum
909 803 971 847 rex
992 783 1138 864 Stepha·
1152 800 1288 851 Maera,

188 902 253 946 nus
283 877 416 946 ²renuit
440 881 634 959 admittere,
664 883 729 946 nisi
754 882 876 960 eidem,
900 881 942 946 de
973 882 1140 948 fidelitate
1151 852 1250 902 mhffl'

188 982 371 1059 servanda,
397 981 571 1064 juratoria
603 981 760 1064 praestita
786 982 956 1047 cautione.
1010 981 1140 1047 Exclu·

187 1101 263 1146 sum
286 1101 308 1145 a
334 1081 453 1146 favore
474 1081 571 1163 regio
594 1081 687 1145 cives
714 1080 949 1146 Eboracenses
975 1080 1139 1159 refutant,

188 1180 305 1245 studia
335 1182 371 1245 in
402 1181 595 1262 depositum
619 1180 801 1263 praesulem
823 1181 1048 1264 propensiora
1076 1181 1138 1245 ha·

186 1281 316 1346 bentes.
381 1279 572 1345 interdicta
610 1287 752 1363 propter
786 1279 876 1344 hanc
913 1281 1138 1363 pervicaciam

186 1381 340 1457 civitate,
369 1387 404 1443 et
434 1379 612 1462 suspensis
645 1379 800 1444 ecclesiae
832 1381 984 1462 organis,
1011 1379 1138 1443 Eusta-

188 1480 286 1545 chius
303 1479 395 1543 filius
411 1479 504 1560 regis
520 1477 706 1543 adveniens
730 1479 848 1544 divina
871 1479 1037 1563 praecepit
1053 1478 1138 1542 cele

187 1580 279 1644 brari
295 1578 419 1656 officia,
434 1585 469 1642 et
486 1578 665 1662 praetentis
688 1580 875 1644 terroribus
893 1598 961 1642 non
978 1578 1137 1644 cedentes

188 1680 231 1743 ab
254 1680 338 1743 urbe
362 1678 534 1743 extrusit:
562 1678 746 1762 propinqui
772 1680 876 1746 etiam
903 1677 1062 1762 praesulis
1081 1672 1137 1742 de·

186 1778 303 1861 positi,
330 1786 402 1844 tam
431 1780 571 1861 proprio
604 1778 719 1843 furore
751 1799 854 1862 qnam
889 1778 985 1859 regio
1018 1776 1137 1841 favore

187 1877 330 1956 feroces,
354 1879 488 1942 cunctis
510 1878 571 1960 qui
597 1877 805 1960 depositioni
827 1878 903 1962 ejus
924 1878 1138 1959 putabantur

187 1976 413 2053 consensisse,
428 1977 565 2040 molesti
580 1986 679 2042 erant
695 1978 731 2040 in
746 1986 892 2055 tantum,
914 1986 953 2041 ut
966 1977 1136 2041 seniorem

187 2074 475 2152 archidiaconum,
498 2075 558 2156 qui
575 2075 663 2140 sorte
680 2075 717 2138 in
732 2096 855 2140 manus
875 2095 993 2140 eorum
1008 2076 1137 2140 incide·

188 2179 255 2248 rat,
276 2172 451 2236 abscidere
478 2173 617 2236 minime
643 2181 851 2237 vererentur.
905 2171 1036 2238 Verum
1058 2181 1137 2256 post
1149 2195 1187 2234 sut
1196 2198 1218 2234 ιι
1227 2195 1267 2234 rat

189 2290 297 2335 annos
322 2270 467 2354 aliquot,
490 2269 628 2353 placato
653 2290 744 2353 rege,
774 2272 867 2336 cives
902 2272 1137 2336 Eboracenses
1148 2245 1245 2344 ι’ἷαῗέῗῖ

185 2390 285 2434 snum
302 2369 493 2434 antistitem
507 2388 584 2432 cnm
600 2370 728 2451 gaudio
741 2363 992 2453 susceperunt.³

238 2470 318 2534 Rex
350 2470 562 2534 Francorum
597 2470 766 2552 multique
798 2470 970 2553 principes
1007 2468 1067 2533 alii
1102 2469 1137 2532 in
1149 2485 1257 2533 movim
1265 2486 1289 2524 or

186 2570 330 2633 Terram
349 2569 511 2633 Sanctam
528 2588 654 2652 apapa
668 2569 824 2650 Eugenio
842 2568 933 2651 apud
950 2536 1299 2633 venenis-&daim

187 2689 264 2733 cum
290 2669 402 2733 crucis
434 2667 632 2733 charactere
665 2676 748 2734 sunt
775 2669 916 2751 signati.
981 2668 1138 2733 Ecclesia

188 2768 430 2845 TornacensiS,
454 2786 532 2850 qnae
556 2787 618 2850 per
642 2787 752 2832 annos
779 2769 915 2834 circiter
940 2774 1136 2845 sexcentos,

188 2888 210 2932 a
225 2876 379 2952 tempore
397 2867 555 2931 videlicet
571 2868 682 2931 sancti
698 2867 870 2946 Medardi,
888 2869 952 2931 sub
974 2868 1137 2950 episcopo

189 2965 414 3032 Noviomensi
427 2967 501 3030 sine
517 2967 655 3049 proprio
669 2974 814 3032 steterat
822 2967 1013 3045 sacerdote,
1030 2968 1137 3050 coepit

186 3066 251 3130 hoc
269 3086 360 3131 anno
378 3066 553 3149 proprium
571 3064 697 3130 habere
712 3067 924 3150 episcopum.
970 3066 1039 3129 His
1053 3074 1135 3130 tem·
1147 3085 1268 3135 sarrya,-

186 3166 328 3249 poribus
339 3170 461 3228 sancta
474 3158 741 3247 *Hyldegardia
756 3166 855 3249 cujus
873 3165 1045 3229 mirabiles
1059 3185 1136 3229 nar·
1145 3136 1205 3185 Μ’

185 3272 306 3328 rantur
328 3263 477 3328 visiones
504 3272 539 3327 et
567 3263 771 3347 prophetiae,
796 3264 1011 3348 inpartibus
1043 3264 1135 3328 Teu·

186 3364 292 3429 toniae
306 3362 499 3427 habebatur
512 3362 669 3444 insignis.

186 3591 236 3642 and
248 3605 264 3640 a
274 3590 356 3639 notice
364 3588 393 3636 ot'
401 3588 441 3636 hie
451 3587 495 3636 lise
506 3588 533 3636 in
544 3587 649 3650 Stubbs‚
707 3583 718 3615 ¹
733 3587 864 3649 ‘recipere
874 3586 956 3637 noluit
964 3581 979 3648 ;’
992 3586 1040 3637 Ar.

185 3663 220 3711 Χ.
233 3659 469 3721 Script.col.1vsl.
482 3662 521 3707 lt.

223 3727 230 3757 ¹
255 3729 371 3778 ‘sodalis
397 3734 423 3777 et
457 3726 647 3789 condiscipulus

186 3800 279 3861 fuerat,
295 3802 401 3861 ejusque
412 3797 501 3859 vitam,
519 3812 610 3857 mores,
621 3801 648 3845 et

185 3869 335 3918 industriam
355 3869 448 3929 optime
470 3867 646 3930 cognoscebat.

185 3940 303 3999 Denique
321 3938 438 3987 electioni
457 3938 514 3998 ejus
536 3935 646 3985 levorem
706 3925 1134 3992 ⁴‘Hildegardis3'D'A.‘llilder-

185 4008 370 4070 promptissime
404 4007 524 4068 praebuit,
550 4011 576 4054 et
606 4021 648 4055 so·
674 4000 770 4063 garis3'
785 4000 860 4049 Mat
877 3998 924 4046 Ar.
960 3997 1008 4046 See
1027 3996 1073 4045 her
1089 3994 1134 4044 lile

184 4079 299 4127 lemniter
313 4080 463 4127 consecutus
479 4077 648 4139 prerogativa
673 4070 723 4119 and
741 4069 827 4118 works
845 4069 872 4117 in
890 4067 994 4128 Stilting
1013 4066 1055 4114 the
1074 4064 1134 4111 Bol-

184 4143 279 4210 pallii3’
290 4147 338 4198 Ar.
659 4140 775 4205 llmdist,
782 4140 849 4188 Acta
858 4137 904 4187 SS.
911 4137 981 4197 Sept.
992 4137 1033 4194 ll,
1042 4149 1067 4182 v.
1076 4136 1134 4181 oso.

708 3686 718 3717 ²
734 3690 841 3751 ‘sicque
861 3693 920 3752 post
936 3688 1062 3737 diutinum
1081 3687 1135 3736 dis·

671 3759 765 3809 cordiae
776 3758 972 3819 malurn,illuxit
981 3757 1133 3807 desiderata

658 3846 661 3855 ⁴
671 3831 743 3891 pacis
753 3844 869 3879 serenum
876 3830 893 3889 ς’
903 3828 951 3878 Ar.
