2940 4950
334 435 399 500 146
692 446 765 493 nro.
788 442 935 492 rarvurr

335 626 454 691 pugna
477 605 695 687 gravissima,
722 623 744 666 a
771 620 871 666 mano
897 602 1084 666 commissa
1113 606 1297 687 usquead

336 724 526 788 vesperam.
580 703 741 767 Miranda
757 702 895 785 quidem
911 701 1034 776 relatu,
1059 710 1097 766 ot
1115 703 1210 767 forte
1232 705 1296 769 tide

336 806 565 869 censebuntur
582 803 737 885 indigna,
760 811 831 866 tam
854 802 958 883 longe
981 795 1125 885 ¹impari
1149 823 1294 868 numero

334 905 537 987 perdurasse
554 904 767 981 certamina3
791 901 851 965 sed
865 919 986 966 revera
1003 901 1076 965 Dm
1093 902 1293 967 miserantis

333 1005 561 1087 opitulatione
576 1024 645 1066 non
664 1002 903 1083 ambigendum
922 1001 988 1065 hoc
1003 1019 1082 1065 esse
1099 1009 1292 1085 patratum,

334 1123 411 1168 eum
443 1105 477 1167 in
517 1104 576 1167 illa
612 1103 667 1166 die
699 1102 838 1166 funesta
868 1109 1063 1164 nostrorum
1098 1104 1292 1167 corruerint

336 1223 425 1267 unus
453 1203 508 1266 vel
537 1203 606 1265 duo
633 1211 781 1277 tantum,
809 1200 1001 1264 Turcorum
1031 1219 1117 1264 vero
1142 1203 1292 1285 amplius

335 1303 677 1386 quanrscpfiugcnfi.

176 1422 234 1470 sins
269 1470 274 1485 ,
387 1403 496 1466 Porro
518 1422 562 1465 ex
584 1401 676 1465 illius
700 1400 810 1483 praelii
827 1400 1045 1481 fatigatione,
1064 1400 1293 1466 cadaverum·

175 1471 285 1561 diiii-im
337 1524 404 1585 que
437 1504 572 1578 t'oetore,
605 1502 695 1564 unde
732 1501 828 1563 locus
866 1508 1047 1581 corruptus
1080 1507 1137 1564 est
1167 1502 1222 1565 ita
1255 1510 1291 1567 ut

337 1603 475 1683 plurimi
500 1602 715 1674 morirentur,
733 1599 904 1662 Ricardus
930 1618 992 1662 rex
1013 1598 1138 1663 incidit
1156 1601 1195 1663 in
1218 1602 1290 1666 lau·

337 1695 506 1782 guorom.²
571 1700 810 1764 invalescente
848 1707 962 1763 autem
1001 1699 1213 1780 aegritudine
1246 1702 1290 1765 oi·

337 1801 455 1874 mium,
478 1820 538 1863 rex
562 1798 606 1863 de
631 1797 866 1881 recuperanda
892 1799 1043 1862 sanitate
1070 1791 1291 1881 ³desperatus

337 1908 399 1962 est.
447 1900 548 1963 Unde
565 1907 636 1962 tam
659 1918 722 1981 pro
740 1899 817 1962 aliis
837 1916 941 1980 quam
965 1917 1028 1980 pro
1052 1898 1170 1981 seipso
1191 1902 1291 1965 nimis

338 1999 475 2075 auxius,
504 1999 627 2063 maluit
653 1999 766 2062 minus
800 1998 1046 2062 inconveniens
1078 1998 1223 2081 eligere,
1254 2009 1291 2065 ut

337 2099 493 2163 inducias
525 2100 692 2180 exigeret,
720 2117 824 2180 quarn
856 2098 887 2159 si
915 2096 1045 2162 inlecto
1068 2101 1214 2180 negotio
1241 2120 1288 2164 re-

337 2198 461 2264 cedens
486 2208 611 2263 terram
638 2196 915 2280 depopulandam
938 2197 1077 2260 omnino
1104 2197 1289 2277 desereret,

336 2299 426 2364 sicut
449 2307 483 2363 et
507 2317 625 2362 omnes
652 2297 710 2361 alii
736 2298 900 2372 fecerant,
921 2296 996 2379 jam
1023 2301 1233 2363 catervatim
1257 2301 1290 2363 in

175 2399 485 2463 rreannuaanavibus
516 2401 692 2462 abeuntes.
744 2396 904 2460 Obtinuit
933 2397 1051 2479 itaque
1073 2415 1095 2460 a
1125 2397 1289 2464 Saladioo

176 2468 317 2556 iiiiirif'nh
337 2498 492 2562 inducias
516 2499 579 2560 sub
608 2497 672 2560 hac
699 2496 828 2559 forma:
858 2495 1027 2572 videlicet,
1056 2504 1096 2560 ut
1122 2496 1289 2577 Ascalon,

338 2618 416 2679 quar
437 2604 613 2680 superstes
633 2596 797 2659 Saladiuo
825 2596 948 2659 terrori
969 2602 1057 2671 crat,
1084 2595 1292 2675 dirueretur,

338 2716 359 2760 a
377 2697 471 2760 nullo
490 2697 665 2760 hominum
682 2694 874 2777 reparanda
891 2703 972 2758 ante
985 2695 1173 2760 terminum
1189 2700 1289 2763 trium

338 2816 504 2859 annorum
542 2797 585 2859 ad
627 2795 765 2859 Pascha
798 2795 995 2878 proximum
1031 2793 1291 2877 incipientium

338 2906 417 2978 post
445 2896 628 2960 triennium
659 2894 816 2977 quisquis
845 2888 1032 2976 ⁴superiori
1066 2896 1203 2977 vigeret
1236 2918 1292 2981 po-

338 2993 1290 3075 tmmmfflmmwmmtfflmmstmm

338 3094 523 3159 Saladinus
557 3103 595 3158 ut
627 3094 742 3176 Joppe
775 3100 1039 3171 restauraretur,
1074 3092 1292 3162 Christicolis

337 3195 444 3258 libere
473 3204 508 3258 et
538 3195 653 3278 quiete
683 3193 920 3269 inhabitanda,
947 3212 1025 3257 cum
1047 3194 1215 3261 universa
1243 3216 1292 3261 re-

338 3295 440 3375 gione
473 3296 599 3370 vicina,
633 3289 815 3375 ⁵locisque,
850 3293 1012 3356 maneriis
1041 3299 1077 3356 et
1107 3296 1289 3361 montanis.

338 3394 617 3459 Confirmandam
643 3393 747 3456 etiam
772 3394 890 3456 sanxit
909 3400 944 3456 et
969 3391 1209 3459 inviolandam
1231 3414 1289 3479 pa·

337 3514 410 3557 cem
436 3495 526 3558 inter
551 3492 776 3557 Christicolas
802 3501 837 3557 et
864 3493 1067 3568 Saracenos,
1087 3493 1291 3579 salvumque

338 3603 561 3677 utrorumque
579 3613 641 3675 per
655 3593 771 3655 omnia
793 3611 869 3655 esse
886 3600 1049 3667 meatum,
1073 3595 1170 3658 etad
1194 3614 1290 3661 sanc·

375 3820 380 3849 ¹
400 3819 507 3881 ‘impari
517 3815 531 3880 ς’
544 3820 657 3881 wanting
669 3820 694 3867 in
704 3819 742 3868 Μ.
752 3819 801 3867 and
862 3816 872 3845 ³
888 3817 1024 3878 ‘desperat
1034 3815 1051 3878 3’
1069 3819 1109 3867 Μ.
1121 3835 1128 3866 :
1153 3820 1292 3883 ‘desperat

337 3890 384 3939 Ar.
829 3888 912 3938 Quem
924 3902 982 3935 cum
992 3882 1006 3945 ς’
1018 3886 1066 3936 Ar,

373 3958 382 3986 ²
399 3959 529 4010 ‘Quidam
541 3960 642 4007 morbus
655 3958 759 4021 pestifer
770 3972 801 4005 ex

337 4031 404 4078 aeris
432 4031 591 4089 corruptione
626 4029 776 4088 proveniens
787 4028 804 4084 ;'
863 4026 873 4053 ⁴
888 4027 1019 4087 ‘superior
1028 4021 1042 4085 ς’
1056 4027 1096 4078 Μ.

339 4100 422 4159 lloger
441 4099 471 4147 oi
490 4100 641 4159 ll'endorer,
658 4100 695 4147 iii.
715 4114 740 4158 p.
760 4102 800 4146 ol.

337 4170 463 4231 ‘Typlrus
484 4175 539 4217 erut
560 4170 694 4218 continuus
703 4164 717 4226 ;'
745 4169 800 4217 llic.
863 4164 873 4192 ³
890 4166 1022 4227 ‘locisque
1033 4168 1169 4217 maritimis
1184 4174 1211 4219 et
1228 4184 1294 4219 moo-

339 4239 423 4287 llirn's.
436 4255 461 4301 p.
473 4243 515 4287 69.
826 4237 893 4285 tanis
901 4237 918 4296 ς’
929 4237 969 4285 Μ.
980 4241 1004 4285 ct
1014 4235 1063 4286 Ar.
