2940 4950
574 427 756 477 aurnuns.
1093 407 1138 471 29

186 586 346 650 nuntiata
370 587 401 650 ei
424 585 490 649 loci
514 585 687 652 deditione
705 585 845 651 divertit
863 602 972 668 usque
990 583 1138 668 Noting-

186 684 348 762 hamiam,
364 705 434 769 qua
448 705 529 749 mox
548 696 751 770 expugnata
768 692 986 768 vacuataquo
1004 686 1137 767 opibus,

185 785 367 849 munitioni
393 786 480 869 ejus,
506 792 632 851 natura
658 787 724 852 loci
749 785 1022 868 inexpugnabili,
1048 786 1138 849 obsi·

185 884 319 961 dandae,
336 885 392 948 vel
416 882 604 967 capiendae,
628 888 765 951 inanem
783 884 979 968 impendere
997 904 1138 967 operam

186 984 370 1048 recusavit.

238 1083 331 1146 Dum
353 1083 428 1146 haec
457 1074 635 1163 'aguntum
660 1082 746 1146 obiit
771 1083 863 1148 filius
890 1083 983 1165 regis
1011 1083 1138 1148 Eusta·
1152 1099 1291 1140 muana
1377 1067 1386 1083 ’

1099 1183 1106 1197 .
1151 1150 1248 1194 racemus
1257 1160 1295 1188 rou

187 1181 298 1259 chius,
314 1201 475 1263 magnam
494 1181 719 1245 reformandae
734 1183 825 1246 inter
842 1184 1013 1265 principes
1029 1202 1138 1267 pacis,
1151 1200 1282 1257 elumen.

187 1301 252 1345 sua
271 1289 394 1358 morte,
416 1281 631 1345 occasionem
653 1280 862 1363 relinquens.
916 1282 1023 1346 Pater
1048 1284 1138 1347 enim
1151 1252 1203 1290 ω’

188 1381 231 1445 ad
266 1382 408 1446 bellicos
439 1373 647 1462 ²apparatus
674 1373 832 1462 ⁸segnior
860 1382 1075 1458 movebatur,
1104 1391 1140 1447 et

187 1481 404 1545 suadentium
422 1499 541 1563 pacem
559 1498 733 1544 sermones
749 1481 937 1562 patientius
956 1480 1137 1560 audiebat;

189 1582 407 1663 tandemque,
430 1580 659 1644 mediantibus
682 1580 814 1659 amiciS,
840 1600 910 1665 pax
932 1580 1024 1644 inter
1047 1581 1141 1663 prin.

188 1681 282 1762 cipes
321 1688 356 1745 et
390 1689 491 1745 caute
528 1679 727 1758 reformata,
760 1687 796 1744 et
830 1681 865 1743 in
902 1679 1051 1743 solidum
1086 1689 1140 1745 est

187 1780 336 1844 firmata.
389 1781 575 1845 Decretum
599 1799 747 1863 namque
769 1787 824 1844 est
845 1799 989 1843 assensu
1016 1781 1141 1862 princi-

188 1900 282 1963 pum,
306 1888 345 1943 ut
365 1880 561 1963 Stephanus
587 1879 759 1963 deincepS,
786 1888 951 1962 tauquam
980 1879 1141 1962 princeps

188 1979 377 2060 legitimus,
391 1980 524 2062 integre
541 1988 701 2060 regnaret
718 1998 795 2043 cum
811 1980 923 2061 gloria
938 1985 974 2042 et
991 1977 1139 2059 honore;

189 2080 256 2153 cui,
293 2086 456 2159 tanquam
490 2078 589 2141 heres
624 2077 811 2159 legitimus
842 2077 1040 2142 succederet
1067 2078 1139 2141 dux

191 2174 376 2239 Henricus
430 2176 533 2238 Hanc
565 2176 660 2258 pacis
687 2175 833 2239 formam
861 2170 1024 2257 ⁴uterque
1049 2177 1246 2240 vide-remu

190 2275 271 2338 licet
297 2294 360 2337 rex
388 2282 423 2337 et
447 2274 519 2337 dux
550 2282 715 2356 tanquam
741 2273 859 2337 utilem
884 2268 936 2337 ⁵et
961 2273 1140 2338 honestam
1153 2243 1269 2332 iiiiii*

1109 2375 1116 2389 ,
1154 2343 1247 2392 Stephon
1256 2343 1298 2381 tud
1391 2342 1396 2352 ⁸

190 2375 424 2450 admittentes
439 2373 557 2437 multis
574 2393 646 2457 prae
663 2372 791 2455 gaudio
805 2373 1089 2456 lacrymantibus,
1106 2394 1141 2436 m
1155 2393 1237 2442 nem.

192 2482 333 2538 mutuos
363 2492 400 2537 se
431 2473 599 2537 dederunt
629 2473 822 2555 amplexus.
876 2472 972 2549 Dux,
1001 2481 1146 2556 accepta
1195 2516 1198 2521 -

191 2573 342 2649 licentia,
370 2572 516 2637 feliciter
538 2575 573 2636 in
602 2571 854 2637 Normauniam
884 2571 1143 2652 transfretavit3

192 2680 273 2737 ante
301 2672 401 2756 cujus
433 2673 579 2738 reditum
611 2692 672 2736 rex
704 2672 916 2736 Francorum
948 2671 1144 2737 Lodovicus

193 2772 354 2837 Castrum
374 2772 572 2837 Vernonem
586 2773 622 2836 in
642 2771 857 2836 Normanuia
874 2771 1068 2854 occupavit.

238 2873 412 2936 Defuncto
437 2872 502 2937 hoc
530 2892 622 2936 anno
655 2892 748 2955 papa
780 2871 949 2954 Eugenio,
977 2871 1143 2935 successit
1156 2885 1304 2976 ifflh'r.

192 2971 403 3036 Anastasius
417 2966 498 3049 lv,⁶
516 2973 654 3036 natione
672 2971 863 3035 Romanus.
902 2969 1022 3034 Abhas
1039 2971 1143 3035 etiam
1157 2965 1244 3037 ulum
1252 2985 1296 3026 111·

195 3071 462 3135 Clarevallensis
485 3072 696 3147 Bernardus,
720 3071 884 3152 religione
907 3077 940 3133 et
959 3071 1144 3135 sanctitate

195 3171 352 3251 insignis,
373 3169 525 3234 fundatis
548 3170 678 3235 ordinis
701 3170 756 3231 sui
783 3162 937 3234 ⁷centum
959 3170 1144 3250 sexaginta
1156 3185 1201 3275 gf„
1197 3183 1291 3224 armna

196 3269 425 3344 monasteriis,
450 3262 568 3334 ⁸beato
585 3270 652 3333 fine
670 3269 813 3352 quievit,
840 3269 988 3351 plurima
1011 3270 1144 3351 sapien·
1203 3261 1208 3273 '

194 3369 253 3434 tiae
280 3388 352 3432 suae
379 3367 422 3431 ad
451 3368 637 3433 utilitatem
665 3368 809 3432 aliorum
842 3376 1063 3432 monumenta
1091 3387 1145 3432 re·

193 3468 364 3551 linquens.

231 3651 238 3682 ¹
258 3649 432 3716 ‘ingerentum'
445 3650 512 3704 ΠΛ.
717 3648 728 3682 ⁷
748 3647 840 3714 ‘1403'
854 3653 892 3703 Μ.
904 3657 928 3702 et
939 3653 986 3703 Ar.

232 3721 243 3751 ²
257 3719 415 3786 ‘operatum’
428 3720 497 3775 D'A.

232 3792 243 3823 ³
259 3790 403 3856 ‘segnium’
415 3795 455 3843 Μ.
721 3790 819 3854 '‘post
840 3791 950 3854 plurima
968 3791 1145 3843 miraculorum

232 3861 243 3894 ⁴
258 3864 393 3925 ‘princeps
416 3870 523 3926 uterquc
553 3868 635 3912 tamen
644 3855 659 3924 ς’
683 3861 811 3925 insignia,'
822 3862 869 3911 Ar.
881 3861 975 3915 which.
986 3864 1102 3926 omitting
1112 3864 1147 3912 all

198 3935 236 3984 M.
248 3937 272 3981 et
283 3933 329 3983 Ar.
684 3931 749 3981 after
757 3934 765 3957 ‘
773 3931 1069 3994 quieviu'hasinsteadf
1077 3934 1148 3982 Hen-

232 3998 498 4063 twantinginu’l.
685 4002 737 4051 rico
760 4001 825 4051 duce
852 4003 884 4050 in·
898 4001 993 4063 Anglia
1015 4004 1149 4062 existente,

233 4071 243 4103 ⁶
259 4072 336 4121 ‘Ciu
353 4087 419 4134 pape
430 4072 482 4121 fust
495 4076 573 4121 avant
586 4069 659 4120 noma
685 4086 730 4120 rex
753 4071 906 4120 Francorum
929 4070 1083 4133 Ludovycus
1099 4071 1150 4118 Ve-

198 4142 309 4202 Conrad,
325 4157 434 4202 evesque
451 4142 568 4192 Sabineis
580 4140 612 4190 nt
628 4141 660 4190 de
685 4155 801 4189 rononem
813 4145 923 4190 casuum
934 4140 1097 4189 Normanuiae
1108 4154 1150 4189 oc·

199 4214 277 4263 Rome
287 4208 301 4273 ;’
320 4212 362 4263 Fr.
372 4212 462 4262 Trans.
687 4205 808 4272 caperit?
