2940 4950
580 439 758 488 inurens.
1098 424 1143 488 lc

191 606 396 675 Galsridum.
442 610 485 673 In
502 609 591 674 sesto
605 630 687 675 vero
703 609 739 674 S.
755 607 938 674 Michaelis
953 611 1141 693 sequentis

190 711 331 774 veniens
345 709 509 773 Conanus
526 711 570 773 ad
582 730 697 792 regem
708 707 848 791 Angliae
866 708 957 791 apud
970 708 1141 773 Abrincas

190 811 409 885 existentem,
430 809 578 873 reddidit
595 811 626 872 ei
647 809 824 873 civitatem
844 808 1089 886 Nanneticam,
1107 817 1143 873 et

190 916 299 972 totum
331 908 461 989 pariter
492 909 704 972 comitatum.
757 909 838 972 Rex
872 907 1058 985 Henricus,
1090 928 1143 971 re·

190 1015 292 1087 cepta
315 1009 398 1070 urbe
420 1007 647 1084 Nannetensi,
669 1016 820 1071 castrum
843 999 982 1070 ¹Toarti
1008 1008 1142 1072 obsedit

191 1115 227 1169 et
241 1106 343 1187 cepit.
397 1106 483 1169 Post
499 1106 750 1189 aliquantulum
768 1124 849 1169 vero
869 1105 1045 1188 temporis
1067 1127 1141 1188 per·

189 1206 281 1268 rexit
301 1205 438 1268 obviam
466 1205 641 1270 Lodovico
665 1206 738 1286 regi
756 1204 980 1281 Francorum,
1000 1225 1037 1268 se
1062 1199 1141 1268 ²ex-

189 1323 319 1385 ponens
347 1305 497 1367 venienti
524 1304 691 1369 orationis
716 1305 831 1386 gratia
855 1304 897 1368 ad
929 1312 1079 1367 montem
1104 1304 1140 1368 S.

191 1402 373 1466 Michaelis
391 1404 433 1467 de
451 1403 610 1467 Peniculo
627 1403 753 1480 Maris3
779 1422 880 1485 quem
897 1397 1088 1467 ³deduccns
1106 1410 1141 1466 et

189 1503 368 1579 reducens,
390 1503 554 1584 quamdiu
576 1512 651 1567 erat
670 1502 759 1566 infra
780 1503 943 1565 ducatum
969 1502 1140 1566 Norman-

190 1601 269 1677 niae,
287 1603 451 1684 impensis
465 1603 614 1685 propriis
632 1603 840 1685 procuravit.

241 1701 363 1765 Mense
372 1702 556 1766 Decembri
570 1702 803 1778 Theobaldus,
818 1721 932 1766 comes
950 1699 1138 1775 Blesensis,
1152 1719 1229 1760 mn
1242 1719 1263 1758 n

189 1801 417 1865 concordatus
445 1810 500 1867 est
528 1822 604 1866 cum
633 1822 713 1884 rege
746 1801 912 1875 Henrico,
942 1800 1084 1865 redditis
1107 1798 1138 1862 ei
1152 1770 1281 1817 '‘md''

190 1899 325 1963 duobus
344 1902 479 1978 castriS,
495 1898 664 1964 Ambazia
678 1901 808 1965 scilicet
825 1910 861 1964 et
880 1897 1137 1965 Fracta-Valle.

191 1998 365 2061 Rotrocus
379 2000 495 2074 etiam,
507 2019 621 2063 comes
633 1999 854 2076 PerticensiS,
866 1999 1014 2062 reddidit
1029 1998 1137 2060 eidem

191 2096 264 2175 regi
284 2095 353 2158 duo
378 2105 504 2172 castra,
529 2096 661 2161 scilicet
683 2092 857 2161 ⁴Molinae
876 2106 910 2160 et
929 2098 1043 2171 Boun,
1061 2115 1138 2176 quae

189 2201 289 2276 pater
305 2193 395 2276 ejus,
412 2202 564 2275 tempore
580 2196 671 2275 regis
695 2195 874 2277 Stephani,
896 2201 1138 2275 occupaverat,

189 2291 291 2355 etad
323 2290 494 2356 dominica
523 2292 620 2355 ducis
652 2291 877 2356 Normanniae
909 2293 1139 2372 pertinebant.

190 2391 269 2454 Rex
300 2400 415 2455 autem
449 2392 625 2455 Henricus
655 2392 763 2455 eidem
791 2390 946 2454 Rotroco
970 2390 1141 2453 concessit

187 2499 338 2553 castrum
362 2490 564 2568 Belismum,
585 2490 754 2572 recipiens
781 2508 845 2572 pro
872 2508 913 2553 eo
941 2487 1138 2569 homagium

185 2590 229 2652 ah
246 2589 376 2653 eodem.

216 2751 219 2760 ,
239 2688 319 2752 Ηοο
336 2707 428 2752 anno
445 2689 588 2753 inventa
602 2695 685 2752 sunt
699 2687 767 2752 tria
781 2706 960 2768 magorum
980 2706 1137 2769 corpora,
1152 2717 1298 2756 inventiones

187 2787 222 2849 in
245 2787 392 2869 quadam
415 2789 524 2852 veteri
547 2787 692 2869 capella,
721 2787 828 2870 juxta
854 2788 973 2852 urbem
1002 2786 1136 2850 Medio·
1151 2766 1272 2856 llllllll'
1281 2767 1305 2806 ⁰¹

186 2884 316 2962 lanum,
346 2887 382 2949 in
413 2887 555 2951 civitate
589 2886 752 2968 reposita.
810 2886 1042 2961 BaldewinnS,
1074 2906 1135 2949 rex
1152 2867 1226 2916 ‘¹⁰⁸⁸'

186 2983 394 3060 Jerusalem,
418 2984 614 3050 Caesaream
639 2979 868 3061 ⁶Palaestinae,
892 2984 983 3048 haud
1015 2985 1135 3065 procul

186 3083 288 3145 sitam
309 3084 353 3146 ah
371 3083 569 3161 Antiochia,
585 3084 688 3164 cepit,
708 3091 742 3147 et
761 3092 912 3147 castrum
926 3083 1017 3166 quod
1037 3102 1136 3148 voca-

187 3189 245 3244 tur
259 3175 433 3245 ‘Harena
487 3183 530 3246 In
552 3183 708 3265 partibus
730 3182 893 3245 Saxouiae
916 3182 1136 3245 sanctimoni·
1149 3207 1300 3248 sennan

187 3279 253 3342 alis
286 3279 445 3360 quaedam
479 3280 682 3347 Elizabetha
712 3280 887 3343 mirabiles
919 3281 1069 3344 visiones
1094 3258 1275 3344 de⁰‘⁸²¹⁰¹¹''

185 3378 420 3460 conceptione,
458 3380 653 3455 nativitate,
689 3386 725 3442 et
758 3379 991 3459 assumptione
1025 3379 1136 3442 beatae

187 3476 345 3558 Virginis
373 3477 471 3556 vidit,
501 3486 536 3542 et
574 3478 616 3542 de
652 3477 764 3559 gloria
802 3477 960 3541 undecim
992 3477 1135 3542 millium

188 3577 374 3658 virginum.

225 3799 379 3864 '‘Toarci5'
396 3797 477 3851 Dida
513 3798 647 3863 ‘coortis
672 3802 755 3852 nens'
789 3801 836 3852 has
870 3803 934 3852 been
968 3804 1136 3866 accidentally

186 3872 236 3922 Ar.
673 3871 788 3921 omitted.

222 3938 232 3967 ²
248 3936 420 4001 ‘Exponam‘
437 3941 460 3989 is
471 3940 533 3989 from
547 3940 586 3989 M.
598 3941 649 3990 and
710 3939 721 3969 ⁸
738 3941 855 3990 ‘ducens
864 3936 879 4002 ;’
891 3937 958 3991 D'A.

187 4010 236 4059 Ar.
272 4010 335 4058 Hall
353 4010 458 4058 amends
479 4010 522 4059 the
544 4015 598 4058 text
616 4012 650 4072 by
710 4009 720 4038 ⁴
736 4007 1136 4071 ‘Nolinas;’M.:‘Molinas;’Ar.

186 4075 430 4140 substituting‘de’
453 4080 492 4127 t'or
513 4074 581 4135 ‘se;'
605 4081 651 4129 but
710 4075 822 4128 ⁸Hall’s
844 4080 1015 4129 emendation:
1036 4080 1070 4129 all
1094 4080 1136 4128 the

187 4149 275 4197 thinks
294 4150 315 4196 it
333 4149 463 4210 probable‚
480 4163 509 4197 as
531 4149 572 4197 his
592 4149 651 4197 MS.
677 4148 753 4197 MSS.
765 4149 849 4197 hava‘
863 4149 1045 4198 Palaestinam!

189 4218 253 4280 Reg.
274 4219 325 4266 Ox.
343 4217 390 4268 has
408 4212 470 4280 ‘se,’
486 4217 540 4266 that
558 4219 652 4280 ‘expo
712 4213 968 4279 ”numera-l.
