2940 4950
258 479 323 542 100
626 492 699 538 ruo.
715 490 864 539 rntvu‘rt

101 677 225 719 mmnn.
262 649 446 715 teneudum
465 648 507 710 de
523 648 599 730 ipso
617 648 791 729 episcopo,
811 653 847 709 et
864 646 1051 727 episcopus
1067 646 1116 709 de
1135 666 1234 728 rege.

101 728 190 829 {w
266 749 399 813 Civitas
423 746 678 823 Ambianensis,
702 746 926 810 concessione
954 746 1047 825 regis
1071 745 1238 810 Franco-

266 868 354 922 rum,
372 847 535 909 remansit
551 846 713 929 episcopo
731 844 971 920 Ambiauensi,
987 842 1030 908 de
1047 845 1128 926 ipso
1146 865 1234 927 rege

269 946 439 1023 tenenda;
472 952 508 1007 et
531 946 560 1007 si
583 964 697 1008 comes
720 944 895 1007 Flaudriae
921 944 1109 1025 quicquam
1134 944 1169 1006 iu
1190 962 1235 1008 ea

269 1044 542 1117 calumniabitur,
570 1046 752 1127 episcopus
778 1042 1024 1106 Ambiauensis
1049 1042 1132 1106 inde
1163 1044 1233 1124 ipsi

270 1144 386 1207 comiti
421 1143 668 1225 plenitudinem
695 1142 844 1226 justitiae
872 1134 924 1204 ¹in
956 1159 1021 1204 sua
1045 1141 1104 1205 vel
1133 1143 1232 1223 regia

271 1243 368 1307 curia
383 1241 569 1305 exhibebit.
605 1241 730 1305 Comes
749 1241 981 1305 claremontis
998 1248 1035 1303 et
1047 1233 1232 1305 'Raderus

271 1342 315 1405 dc
347 1341 509 1404 Thusaco
540 1350 716 1405 remanent
749 1360 794 1404 ex
823 1347 897 1404 toto
927 1340 963 1403 iu
998 1358 1106 1403 manu
1139 1341 1232 1422 regis

276 1441 499 1516 Francorum,
525 1439 623 1502 liberi
658 1440 797 1502 omnino
831 1458 853 1501 a
882 1439 1008 1502 comite
1041 1438 1232 1503 Flandriae.

276 1539 460 1622 Philippus
481 1558 618 1620 quoque
645 1538 868 1602 Flandrensis
890 1536 1056 1601 clamavit
1072 1540 1231 1620 quietum

277 1638 465 1701 Heurioum
479 1657 608 1718 regem,
619 1637 728 1700 filium
744 1635 1049 1718 regisAnglorum,
1063 1635 1108 1700 de
1125 1638 1233 1702 omni-

276 1738 341 1800 bus
363 1738 646 1800 conventionibus
669 1756 747 1818 quae
773 1737 863 1799 iuter
886 1754 946 1799 eos
971 1743 1083 1799 eraut.
1139 1736 1232 1801 Con·

278 1836 382 1898 cessit
395 1835 497 1898 etiam
511 1843 549 1899 ut
564 1837 710 1899 barones
723 1835 897 1898 Flandriae
914 1828 1086 1916 ³plenarie
1102 1835 1233 1899 faciant

279 1935 351 2014 regi
387 1933 578 2014 Anglorum
611 1935 802 2007 servitium,
836 1933 927 2016 quod
966 1934 998 1996 ei
1028 1934 1160 1999 debent
1192 1935 1234 1997 de

280 2033 379 2097 feodo
409 2032 500 2116 quod
528 2033 570 2097 de
596 2034 672 2114 ipso
699 2041 837 2111 tcnent3
863 2042 899 2097 et
922 2031 1013 2114 quod
1042 2032 1148 2097 seoda
1177 2034 1237 2098 illa

280 2135 354 2196 sine
370 2134 628 2214 recuperatione
649 2134 823 2207 amittant,
842 2133 907 2195 nisi
929 2132 1074 2196 servitia
1093 2134 1127 2196 ei
1148 2134 1237 2197 fece·

280 2226 375 2295 rint.⁴
411 2231 581 2296 Convenit
596 2233 700 2295 etiam
715 2231 839 2294 ibidem
857 2232 948 2294 inter
965 2250 1082 2312 regem
1095 2230 1236 2314 Angliae

281 2339 317 2395 et
331 2331 489 2395 comitem
514 2331 699 2406 Flandriae,
720 2331 810 2412 quod
836 2330 951 2393 nullus
973 2350 1019 2393 ex
1040 2331 1118 2393 suis
1138 2333 1239 2395 amit-

282 2438 371 2494 teret
389 2438 513 2493 tcrram
534 2430 569 2492 in
590 2430 755 2492 Flandria
777 2438 919 2511 propter
940 2429 1125 2492 servitium
1148 2432 1240 2512 regis

283 2528 434 2609 Angliae,
451 2530 480 2591 si
497 2529 562 2591 sibi
579 2530 741 2592 servituri
755 2529 791 2590 in
810 2538 934 2592 terram
948 2547 1048 2592 suam
1066 2532 1239 2594 venerint.

285 2628 454 2690 Omnibus
479 2628 585 2708 igitur
612 2628 654 2691 ad
682 2648 800 2710 pacem
830 2627 993 2704 reductis,
1017 2635 1195 2710 quotquot
1222 2649 1243 2692 a

284 2726 450 2789 fidelitate
468 2728 558 2807 regis
580 2728 792 2791 Francorum
813 2734 848 2790 et
866 2746 972 2810 opera
995 2725 1243 2806 discesserant,

285 2825 458 2890 redierunt
487 2828 523 2888 in
553 2827 628 2909 ejus
660 2826 861 2907 ligantiam3
895 2826 1022 2889 damna
1053 2834 1130 2889 tam
1164 2828 1243 2892 hinc

286 2945 389 3007 quam
415 2926 509 2989 illinc
533 2927 643 3002 illata,
664 2933 784 2989 mutua
810 2926 1102 3007 compensatione,
1127 2926 1245 2992 deletu

286 3032 379 3087 sunt.

340 3123 514 3185 Henricus
536 3123 607 3186 dux
629 3124 807 3188 Saxonum
826 3124 1124 3206 archiepiscopum
1145 3124 1249 3189 Colo-

290 3224 438 3286 niensem
470 3222 602 3285 damnis
633 3233 668 3287 et
697 3225 831 3307 injuriis
860 3223 998 3301 affecit3
1032 3224 1093 3304 qui
1125 3224 1247 3290 favore

289 3323 507 3404 imperatoris
542 3331 576 3385 et
613 3323 803 3405 principum
842 3323 1001 3398 obtinuit,
1035 3328 1076 3385 ut
1103 3322 1182 3389 dux
1211 3326 1247 3388 in

290 3422 431 3485 exilium
458 3429 651 3502 cogeretur.
704 3422 773 3499 Qui
796 3422 839 3485 ad
865 3440 1020 3485 socerum
1049 3440 1170 3498 suum,
1197 3442 1247 3487 rc·

290 3540 366 3601 gem
397 3519 588 3601 Anglorum
616 3521 806 3584 Henricum
835 3529 981 3601 patrem,
1007 3520 1041 3582 iu
1069 3519 1251 3586 Normau·

291 3621 381 3682 niam
399 3622 548 3691 veniens,
569 3639 646 3681 oum
667 3620 804 3683 ducissa
823 3627 858 3682 et
875 3619 1010 3682 duobus
1032 3618 1128 3696 filiis,
1153 3622 1251 3686 Hen-

290 3720 362 3782 rico
379 3727 414 3782 et
430 3719 579 3793 Othone,
594 3738 671 3781 cum
687 3720 806 3782 eodem
822 3719 970 3782 triennio
987 3720 1207 3785 morabatur.

327 3966 335 3996 ¹
353 3969 396 4016 ‘in
415 3983 462 4017 sua
480 3970 552 4017 curia
569 3970 609 4017 vel
629 3971 697 4029 regis
712 3984 756 4017 cu·
781 3969 893 4029 dulphus
908 3970 940 4016 de
954 3966 1110 4031 Thurinae?
1127 3973 1189 4025 M..·
1207 3976 1257 4028 ‘lb

292 4040 331 4087 ria
338 4034 354 4099 ;’
367 4039 405 4087 M.
417 4055 425 4086 .-
442 4041 450 4066 ‘
464 4040 489 4085 in
511 4039 583 4087 curia
605 4040 671 4100 sua,’
689 4045 755 4099 etc.;
781 4038 813 4086 de
825 4038 994 4098 Thuseiaco;'
1005 4038 1053 4087 Ar.

292 4109 341 4159 Ar.
781 4175 802 4225 Α
816 4105 827 4135 ³
843 4108 1002 4169 ‘plenarium
1016 4107 1134 4159 iacerent
1144 4107 1162 4171 ;’
1184 4116 1224 4165 Μ.
1235 4120 1259 4164 et

806 4193 821 4225 r

327 4244 338 4273 ²
353 4248 360 4274 ‘
375 4246 527 4308 liudulphus
538 4246 554 4305 ;'
574 4245 659 4294 D'A..·
683 4248 690 4273 ‘
705 4247 755 4295 lla·
818 4213 829 4273 ⁴·
845 4249 853 4273 ‘
862 4240 996 4306 iecereut3'
1008 4247 1056 4297 Ar.
