2940 4950
584 422 767 470 anninus.
1088 412 1147 473 un

187 582 278 647 uude
295 588 329 645 et
345 600 407 663 per
422 578 591 663 quendam
607 581 810 643 canoriicum
825 582 1017 659 regularem
1031 584 1142 664 ipsum

185 680 385 745 diffiderunt
411 680 502 761 apud
530 678 749 760 Rediugiam,
774 683 876 745 tortio
909 702 1016 745 troitus
1044 683 1142 746 lllaii.

185 780 342 846 Joanues
365 798 428 843 rex
455 777 668 842 Willelmunr
693 780 735 843 de
764 780 1010 863 [auriga-spata,
1037 784 1142 845 comi·

186 890 255 947 tem
287 880 595 956 saresberiensem,
623 898 645 942 a
678 878 824 943 Gallicis
850 892 1002 962 captum,
1032 889 1141 945 muta-

186 980 280 1045 tione
315 978 460 1043 Robcrti
496 977 554 1041 tilii
583 978 719 1041 contitis
755 979 948 1043 Drocarnm
987 980 1141 1058 redemit,

186 1078 269 1145 licet
290 1098 336 1143 ex
364 1077 568 1161 quibusdam
597 1078 712 1140 causis
736 1078 801 1141 boc
827 1080 922 1160 prins
950 1079 1062 1144 facere
1087 1102 1140 1145 re·

186 1179 330 1243 unisset.
382 1176 517 1241 Civitas
536 1175 805 1253 Loudoniarum,
829 1197 850 1240 a
869 1198 950 1257 rege
967 1180 1140 1256 delicians,
1152 1200 1238 1239 ranan

184 1278 318 1343 decimo
356 1284 458 1342 sexto
493 1274 656 1339 calendas
688 1276 775 1340 Julii
812 1296 849 1340 se
885 1279 1064 1343 transtulit
1095 1281 1137 1343 ad
1152 1252 1292 1347 fil⁰i¹d=if¹'”¹

187 1378 346 1441 barones.
399 1375 478 1439 Rex
498 1373 657 1439 Joaunes
679 1375 807 1439 multos
829 1376 872 1440 de
895 1378 1081 1441 baronibus
1106 1351 1250 1442 ct³¹'”‘'²⁶'

186 1476 355 1541 militibus
374 1475 409 1538 in
431 1482 547 1539 castro
570 1472 738 1551 Rodiensi,
762 1475 854 1556 quod
880 1477 945 1539 sibi
973 1488 1051 1558 post
1077 1477 1140 1540 ali·

185 1576 324 1661 qualem
347 1574 558 1639 obsidionem
583 1573 751 1637 redditum
776 1573 900 1650 suerat,
923 1577 1026 1658 cepit,
1044 1585 1078 1639 et
1097 1577 1140 1639 ad

186 1684 341 1741 castrum
376 1674 510 1755 insigne
545 1673 588 1737 de
629 1673 718 1737 Cori
750 1674 906 1755 captivos
938 1677 1139 1742 transmisit.

188 1774 345 1839 Ramnes
363 1772 588 1849 hodericum,
611 1774 702 1854 regis
727 1773 938 1837 Francorum
962 1774 1083 1851 tilium,
1104 1777 1139 1839 iu

186 1894 287 1939 suum
307 1872 497 1937 subsidium
517 1883 677 1948 evocant,
692 1871 814 1949 eidem,
833 1893 913 1954 rege
927 1874 949 1937 J
954 1894 1066 1939 oaune
1078 1896 1140 1938 ex-

186 1974 300 2057 pulso,
340 1991 483 2053 reguum
522 1970 660 2053 Angliae
699 1974 949 2053 promittentes.
1011 1975 1139 2038 Eodem

186 2092 279 2138 anno
304 2092 420 2137 mense
447 2072 640 2153 Septembri
671 2070 771 2134 multi
804 2073 867 2134 viri
896 2073 1027 2137 nobiles
1057 2075 1140 2137 Bra-

187 2172 322 2239 bantini
343 2180 379 2237 et
398 2171 639 2247 Flaudreuses‚
659 2170 808 2253 profusis
832 2172 924 2251 regis
946 2171 1140 2253 Anglururn

187 2271 369 2357 stipendiis
398 2271 526 2347 allecti,
555 2270 711 2333 volentes
744 2269 967 2334 transfretare
1001 2271 1036 2333 in
1070 2271 1142 2334 An-

187 2372 308 2455 gliam,
331 2369 424 2453 passi
446 2369 666 2451 naufragium
684 2370 775 2432 inter
796 2368 923 2433 fluctus
944 2370 1141 2452 periclitan-

190 2480 249 2537 tur
264 2470 423 2535 mannos.

241 2570 322 2635 Hoc
347 2590 438 2635 anuo
466 2588 582 2633 mense
608 2568 798 2634 Novembri
829 2572 894 2634 sub
917 2590 1009 2654 papa
1038 2571 1142 2635 Inno-
1155 2594 1281 2655 marquart

187 2672 303 2737 centio
323 2670 554 2735 Laterauense
572 2668 766 2733 celebratur
786 2665 990 2747 concilium,l
1014 2672 1048 2734 iu
1073 2692 1142 2754 quo
1154 2646 1269 2737 ‘nillil‘

190 2772 266 2837 lata
280 2778 335 2835 est
352 2768 525 2835 sententia
545 2763 929 2834 ²excommunicationis
953 2772 989 2834 in
1014 2791 1144 2849 omues,

190 2870 251 2955 qni
267 2889 384 2953 regem
401 2868 540 2951 Angliae
555 2870 762 2949 satagebant
778 2869 820 2932 dc
838 2890 945 2952 regno
962 2890 1025 2935 suo
1041 2872 1143 2935 modo

190 2970 345 3054 quolibet
372 2969 568 3033 exturbare.
621 2967 849 3051 Raymundns
876 2990 990 3033 comes
1015 2970 1145 3034 Tholo-

191 3089 311 3146 sanus,
326 3088 402 3133 cum
424 3068 577 3132 filiosuo
596 3067 816 3151 Raymundo,
839 3071 1011 3150 pravitate
1034 3070 1146 3152 pollu-

191 3178 249 3235 tus
266 3168 427 3232 baeretica
440 3167 709 3243 condemnatum
729 3188 830 3250 quem
847 3169 1065 3250 postmodum
1082 3190 1144 3232 rex

193 3270 405 3333 Francorum
427 3286 644 3349 expugnans,
662 3266 896 3331 Tholosanum
920 3269 1070 3331 obtinuit
1087 3288 1145 3330 co·

191 3370 363 3433 mitatum.
427 3366 581 3430 Libellus
611 3366 653 3429 de
685 3366 868 3439 Trinitate‚
901 3386 1001 3448 quem
1037 3367 1145 3429 abbas

191 3465 353 3533 Joacbim
376 3474 499 3531 contra
522 3466 723 3546 magistrum
751 3466 891 3529 Petrum
912 3466 1145 3530 Lumbardum

192 3565 421 3632 Parisiensem
436 3567 633 3650 episcopum
649 3566 767 3641 edidit,
780 3567 994 3647 reprobatur.
1026 3560 1146 3629 ³Dam·

192 3674 366 3732 natusest
382 3674 419 3730 et
434 3665 631 3729 Amalricus
648 3666 799 3748 quidam,
814 3686 891 3730 cum
909 3686 973 3729 sua
990 3668 1147 3731 doctrina

191 3766 300 3849 impia
327 3776 363 3831 et
391 3784 563 3848 perversa.
620 3764 780 3829 Assernit
805 3786 952 3848 namque
985 3768 1080 3831 ideas
1110 3769 1145 3829 in

194 3874 310 3931 mente
325 3866 454 3930 Divina
469 3873 505 3929 et
521 3884 650 3941 creare,
664 3873 698 3929 et
713 3866 822 3929 creari
836 3886 844 3943 ;
872 3866 1016 3948 ideoque
1034 3866 1146 3929 Dnuu

230 4062 240 4097 ¹
262 4064 318 4114 'l'lre
344 4064 442 4115 twelstlr
470 4064 583 4115 General
610 4064 660 4113 ond
723 4058 1058 4113 ²‘tarrcomuurnicationinz’
1076 4063 1148 4109 omit-

195 4136 281 4186 iourtb
292 4134 559 4185 couucilotlnterau.
595 4134 662 4183 Con·
687 4134 729 4182 ted
742 4134 767 4182 in
782 4135 827 4182 Ar.

195 4206 571 4267 saltitaron.xx.¹tt³etseq.
674 4217 678 4249 ι
723 4197 925 4255 ’‘Damnatur;’
942 4196 1005 4249 u’A.

979 4312 1000 4353 Ο
