<?xml version="1.0" encoding="UTF-8"?>
<!DOCTYPE html PUBLIC "-//W3C//DTD XHTML 1.0 Transitional//EN"
    "http://www.w3.org/TR/xhtml1/DTD/xhtml1-transitional.dtd">
<html xmlns="http://www.w3.org/1999/xhtml" xml:lang="en" lang="en">
 <head>
  <title>
</title>
<meta http-equiv="Content-Type" content="text/html;charset=utf-8" />
  <meta name='ocr-system' content='tesseract 3.04.00' />
  <meta name='ocr-capabilities' content='ocr_page ocr_carea ocr_par ocr_line ocrx_word'/>
</head>
<body>
  <div class='ocr_page' id='page_1' title='image "./fnicholaitrivet00trivgoog/fnicholaitrivet00trivgoog_0428.png"; bbox 0 0 2940 4950; ppageno 0'>
   <div class='ocr_carea' id='block_1_1' title="bbox 568 436 1143 502">
    <p class='ocr_par' dir='ltr' id='par_1_1' title="bbox 568 436 1143 502">
     <span class='ocr_line' id='line_1_1' title="bbox 568 436 1143 502; baseline 0.007 -4"><span class='ocrx_word' id='word_1_1' title='bbox 568 451 753 501; x_wconf 70' lang='lat' dir='ltr'>Anninus.</span> <span class='ocrx_word' id='word_1_2' title='bbox 1076 436 1143 502; x_wconf 78' lang='grc'>395</span> 
     </span>
    </p>
   </div>
   <div class='ocr_carea' id='block_1_2' title="bbox 187 600 1286 784">
    <p class='ocr_par' dir='ltr' id='par_1_2' title="bbox 187 600 1286 784">
     <span class='ocr_line' id='line_1_2' title="bbox 238 600 1246 690; baseline -0.001 -21"><span class='ocrx_word' id='word_1_3' title='bbox 238 600 406 670; x_wconf 84' lang='lat' dir='ltr'>¹1nfesto</span> <span class='ocrx_word' id='word_1_4' title='bbox 423 605 661 685; x_wconf 88' lang='lat' dir='ltr'>Pentecostes,</span> <span class='ocrx_word' id='word_1_5' title='bbox 678 608 785 673; x_wconf 89' lang='lat' dir='ltr'>finitis</span> <span class='ocrx_word' id='word_1_6' title='bbox 811 606 942 690; x_wconf 80' lang='lat' dir='ltr'>treugis</span> <span class='ocrx_word' id='word_1_7' title='bbox 959 626 1038 690; x_wconf 81' lang='lat' dir='ltr'>quae</span> <span class='ocrx_word' id='word_1_8' title='bbox 1062 627 1139 672; x_wconf 90' lang='lat' dir='ltr'>cum</span> <span class='ocrx_word' id='word_1_9' title='bbox 1155 628 1246 670; x_wconf 61' lang='lat' dir='ltr'>muna</span> 
     </span>
     <span class='ocr_line' id='line_1_3' title="bbox 187 678 1286 784; baseline 0.005 -14"><span class='ocrx_word' id='word_1_10' title='bbox 187 705 305 770; x_wconf 89' lang='lat' dir='ltr'>Scotis</span> <span class='ocrx_word' id='word_1_11' title='bbox 323 706 420 770; x_wconf 77' lang='lat' dir='ltr'>initae</span> <span class='ocrx_word' id='word_1_12' title='bbox 438 705 587 784; x_wconf 84' lang='lat' dir='ltr'>inerant,</span> <span class='ocrx_word' id='word_1_13' title='bbox 602 726 666 771; x_wconf 83' lang='lat' dir='ltr'>rex</span> <span class='ocrx_word' id='word_1_14' title='bbox 684 709 777 771; x_wconf 86' lang='lat' dir='ltr'>circa</span> <span class='ocrx_word' id='word_1_15' title='bbox 794 707 920 771; x_wconf 85' lang='lat' dir='ltr'>testum</span> <span class='ocrx_word' id='word_1_16' title='bbox 937 706 973 771; x_wconf 90' lang='lat' dir='ltr'>S.</span> <span class='ocrx_word' id='word_1_17' title='bbox 992 707 1141 772; x_wconf 80' lang='lat' dir='ltr'>loannis</span> <span class='ocrx_word' id='word_1_18' title='bbox 1155 678 1286 774; x_wconf 50' lang='lat' dir='ltr'>issuiiifm</span> 
     </span>
    </p>
   </div>
   <div class='ocr_carea' id='block_1_3' title="bbox 186 780 1293 1286">
    <p class='ocr_par' dir='ltr' id='par_1_3' title="bbox 186 780 1293 1187">
     <span class='ocr_line' id='line_1_4' title="bbox 186 780 1293 888; baseline -0.001 -19"><span class='ocrx_word' id='word_1_19' title='bbox 186 806 360 888; x_wconf 82' lang='lat' dir='ltr'>Beptistae</span> <span class='ocrx_word' id='word_1_20' title='bbox 379 805 415 868; x_wconf 94' lang='lat' dir='ltr'>in</span> <span class='ocrx_word' id='word_1_21' title='bbox 440 805 593 870; x_wconf 80' lang='lat' dir='ltr'>Scotienr</span> <span class='ocrx_word' id='word_1_22' title='bbox 616 807 847 888; x_wconf 87' lang='lat' dir='ltr'>proficiscitur</span> <span class='ocrx_word' id='word_1_23' title='bbox 872 807 1029 871; x_wconf 80' lang='lat' dir='ltr'>exercitu</span> <span class='ocrx_word' id='word_1_24' title='bbox 1055 808 1141 872; x_wconf 84' lang='lat' dir='ltr'>adu·</span> <span class='ocrx_word' id='word_1_25' title='bbox 1155 780 1293 869; x_wconf 67' lang='lat' dir='ltr'>Silili-¹⁸</span> 
     </span>
     <span class='ocr_line' id='line_1_5' title="bbox 187 891 1207 986; baseline 0.004 -17"><span class='ocrx_word' id='word_1_26' title='bbox 187 912 283 969; x_wconf 88' lang='lat' dir='ltr'>nato.</span> <span class='ocrx_word' id='word_1_27' title='bbox 336 906 499 986; x_wconf 80' lang='lat' dir='ltr'><strong>Dumque</strong></span> <span class='ocrx_word' id='word_1_28' title='bbox 521 905 557 969; x_wconf 92' lang='lat' dir='ltr'>in</span> <span class='ocrx_word' id='word_1_29' title='bbox 583 905 702 970; x_wconf 85' lang='lat' dir='ltr'>Scotia</span> <span class='ocrx_word' id='word_1_30' title='bbox 728 905 906 984; x_wconf 80' lang='lat' dir='ltr'><strong>hiemaret,</strong></span> <span class='ocrx_word' id='word_1_31' title='bbox 932 907 986 970; x_wconf 89' lang='lat' dir='ltr'>sni</span> <span class='ocrx_word' id='word_1_32' title='bbox 1014 909 1143 973; x_wconf 88' lang='lat' dir='ltr'>multos</span> <span class='ocrx_word' id='word_1_33' title='bbox 1154 891 1207 930; x_wconf 56' lang='grc' dir='ltr'>Μ’</span> 
     </span>
     <span class='ocr_line' id='line_1_6' title="bbox 188 1004 1143 1089; baseline 0.004 -22"><span class='ocrx_word' id='word_1_34' title='bbox 188 1024 298 1087; x_wconf 87' lang='lat' dir='ltr'>equos</span> <span class='ocrx_word' id='word_1_35' title='bbox 328 1023 475 1087; x_wconf 81' lang='lat' dir='ltr'>magnos</span> <span class='ocrx_word' id='word_1_36' title='bbox 500 1004 734 1088; x_wconf 89' lang='lat' dir='ltr'>perdiderunt,</span> <span class='ocrx_word' id='word_1_37' title='bbox 760 1014 902 1089; x_wconf 89' lang='lat' dir='ltr'>propter</span> <span class='ocrx_word' id='word_1_38' title='bbox 929 1006 1055 1088; x_wconf 78' lang='lat' dir='ltr'>foragii</span> <span class='ocrx_word' id='word_1_39' title='bbox 1087 1008 1143 1071; x_wconf 90' lang='lat' dir='ltr'>de-</span> 
     </span>
     <span class='ocr_line' id='line_1_7' title="bbox 187 1103 1144 1187; baseline 0.006 -21"><span class='ocrx_word' id='word_1_40' title='bbox 187 1103 315 1169; x_wconf 86' lang='lat' dir='ltr'>fectum</span> <span class='ocrx_word' id='word_1_41' title='bbox 334 1113 487 1187; x_wconf 89' lang='lat' dir='ltr'>tempore</span> <span class='ocrx_word' id='word_1_42' title='bbox 504 1104 642 1187; x_wconf 84' lang='lat' dir='ltr'>frigoris</span> <span class='ocrx_word' id='word_1_43' title='bbox 663 1105 831 1169; x_wconf 86' lang='lat' dir='ltr'>hiemalis.</span> <span class='ocrx_word' id='word_1_44' title='bbox 879 1104 1008 1169; x_wconf 84' lang='lat' dir='ltr'>Tenuit</span> <span class='ocrx_word' id='word_1_45' title='bbox 1026 1116 1144 1172; x_wconf 86' lang='lat' dir='ltr'>autem</span> 
     </span>
    </p>

    <p class='ocr_par' dir='ltr' id='par_1_4' title="bbox 189 1203 1142 1286">
     <span class='ocr_line' id='line_1_8' title="bbox 189 1203 1142 1286; baseline 0.005 -20"><span class='ocrx_word' id='word_1_46' title='bbox 189 1222 253 1267; x_wconf 84' lang='lat' dir='ltr'>rex</span> <span class='ocrx_word' id='word_1_47' title='bbox 285 1203 377 1286; x_wconf 79' lang='lat' dir='ltr'>apud</span> <span class='ocrx_word' id='word_1_48' title='bbox 417 1203 568 1268; x_wconf 90' lang='lat' dir='ltr'>Linlisco</span> <span class='ocrx_word' id='word_1_49' title='bbox 603 1205 729 1270; x_wconf 88' lang='lat' dir='ltr'>festum</span> <span class='ocrx_word' id='word_1_50' title='bbox 765 1205 958 1269; x_wconf 77' lang='lat' dir='ltr'>Dominicse</span> <span class='ocrx_word' id='word_1_51' title='bbox 1000 1204 1142 1271; x_wconf 87' lang='lat' dir='ltr'>Nativi-</span> 
     </span>
    </p>
   </div>
   <div class='ocr_carea' id='block_1_4' title="bbox 190 1301 284 1367">
    <p class='ocr_par' dir='ltr' id='par_1_5' title="bbox 190 1301 284 1367">
     <span class='ocr_line' id='line_1_9' title="bbox 190 1301 284 1367; baseline -0.011 0"><span class='ocrx_word' id='word_1_52' title='bbox 190 1301 284 1367; x_wconf 79' lang='lat' dir='ltr'>tatis.</span> 
     </span>
    </p>
   </div>
   <div class='ocr_carea' id='block_1_5' title="bbox 210 1514 1122 1553">
    <p class='ocr_par' dir='ltr' id='par_1_6' title="bbox 210 1514 1122 1553">
     <span class='ocr_line' id='line_1_10' title="bbox 210 1514 1122 1553; baseline 0.002 -2"><span class='ocrx_word' id='word_1_53' title='bbox 210 1514 237 1551; x_wconf 79' lang='lat' dir='ltr'>b.</span> <span class='ocrx_word' id='word_1_54' title='bbox 249 1516 275 1552; x_wconf 77' lang='lat' dir='ltr'>lt.</span> <span class='ocrx_word' id='word_1_55' title='bbox 285 1515 304 1552; x_wconf 78' lang='lat' dir='ltr'>J·</span> <span class='ocrx_word' id='word_1_56' title='bbox 317 1515 341 1551; x_wconf 80' lang='lat'>0·</span> <span class='ocrx_word' id='word_1_57' title='bbox 431 1515 455 1551; x_wconf 75' lang='grc' dir='ltr'>Ρ.</span> <span class='ocrx_word' id='word_1_58' title='bbox 467 1514 630 1549; x_wconf 63' lang='lat' dir='ltr'>tollenonum</span> <span class='ocrx_word' id='word_1_59' title='bbox 643 1515 669 1550; x_wconf 80' lang='lat' dir='ltr'>ll.</span> <span class='ocrx_word' id='word_1_60' title='bbox 777 1515 931 1551; x_wconf 68' lang='lat' dir='ltr'>relucebunt</span> <span class='ocrx_word' id='word_1_61' title='bbox 983 1517 1122 1553; x_wconf 72' lang='lat' dir='ltr'>tunnensis</span> 
     </span>
    </p>
   </div>
   <div class='ocr_carea' id='block_1_6' title="bbox 229 1600 1128 1710">
    <p class='ocr_par' dir='ltr' id='par_1_7' title="bbox 229 1600 1128 1710">
     <span class='ocr_line' id='line_1_11' title="bbox 229 1600 1128 1641; baseline 0.001 -2"><span class='ocrx_word' id='word_1_62' title='bbox 229 1601 324 1640; x_wconf 75' lang='lat' dir='ltr'>ueoen.</span> <span class='ocrx_word' id='word_1_63' title='bbox 372 1601 562 1638; x_wconf 74' lang='lat' dir='ltr'>nonrrlcrrvru.</span> <span class='ocrx_word' id='word_1_64' title='bbox 594 1600 701 1637; x_wconf 73' lang='lat' dir='ltr'>ranem</span> <span class='ocrx_word' id='word_1_65' title='bbox 713 1602 732 1638; x_wconf 92' lang='lat'>1.</span> <span class='ocrx_word' id='word_1_66' title='bbox 776 1601 884 1638; x_wconf 77' lang='lat' dir='ltr'>earnem</span> <span class='ocrx_word' id='word_1_67' title='bbox 897 1602 934 1640; x_wconf 81' lang='grc' dir='ltr'>ιν.</span> <span class='ocrx_word' id='word_1_68' title='bbox 978 1604 1096 1640; x_wconf 73' lang='lat' dir='ltr'>rounam</span> <span class='ocrx_word' id='word_1_69' title='bbox 1107 1605 1128 1641; x_wconf 88' lang='lat'>1.</span> 
     </span>
     <span class='ocr_line' id='line_1_12' title="bbox 837 1662 1071 1710; baseline 0.013 -4"><span class='ocrx_word' id='word_1_70' title='bbox 837 1662 877 1708; x_wconf 81' lang='grc'>17.</span> <span class='ocrx_word' id='word_1_71' title='bbox 1031 1665 1071 1710; x_wconf 76' lang='lat'>8⁰.</span> 
     </span>
    </p>
   </div>
   <div class='ocr_carea' id='block_1_7' title="bbox 242 1799 1243 1885">
    <p class='ocr_par' dir='ltr' id='par_1_8' title="bbox 242 1799 1243 1885">
     <span class='ocr_line' id='line_1_13' title="bbox 242 1799 1243 1885; baseline -0.002 -21"><span class='ocrx_word' id='word_1_72' title='bbox 242 1799 328 1864; x_wconf 82' lang='lat' dir='ltr'>Rex</span> <span class='ocrx_word' id='word_1_73' title='bbox 353 1799 491 1881; x_wconf 81' lang='lat' dir='ltr'>Angliae</span> <span class='ocrx_word' id='word_1_74' title='bbox 516 1799 561 1863; x_wconf 81' lang='lat' dir='ltr'>od</span> <span class='ocrx_word' id='word_1_75' title='bbox 581 1800 783 1864; x_wconf 76' lang='lat' dir='ltr'><strong>instantiam</strong></span> <span class='ocrx_word' id='word_1_76' title='bbox 802 1799 894 1882; x_wconf 80' lang='lat' dir='ltr'>regis</span> <span class='ocrx_word' id='word_1_77' title='bbox 917 1800 1142 1885; x_wconf 81' lang='lat' dir='ltr'>Francorum,</span> <span class='ocrx_word' id='word_1_78' title='bbox 1155 1823 1243 1863; x_wconf 60' lang='lat' dir='ltr'>nrm„</span> 
     </span>
    </p>
   </div>
   <div class='ocr_carea' id='block_1_8' title="bbox 190 1874 1273 1983">
    <p class='ocr_par' dir='ltr' id='par_1_9' title="bbox 190 1874 1273 1983">
     <span class='ocr_line' id='line_1_14' title="bbox 190 1874 1273 1983; baseline -0.001 -20"><span class='ocrx_word' id='word_1_79' title='bbox 190 1899 291 1983; x_wconf 92' lang='lat' dir='ltr'>cujus</span> <span class='ocrx_word' id='word_1_80' title='bbox 322 1918 432 1981; x_wconf 87' lang='lat' dir='ltr'>nuper</span> <span class='ocrx_word' id='word_1_81' title='bbox 467 1917 621 1962; x_wconf 88' lang='lat' dir='ltr'>sororem</span> <span class='ocrx_word' id='word_1_82' title='bbox 655 1898 817 1974; x_wconf 86' lang='lat' dir='ltr'>duxerat,</span> <span class='ocrx_word' id='word_1_83' title='bbox 855 1898 969 1964; x_wconf 86' lang='lat' dir='ltr'>Scotis</span> <span class='ocrx_word' id='word_1_84' title='bbox 1001 1909 1142 1981; x_wconf 82' lang='lat' dir='ltr'>treugas</span> <span class='ocrx_word' id='word_1_85' title='bbox 1154 1874 1273 1962; x_wconf 45' lang='lat' dir='ltr'>iiim</span> 
     </span>
    </p>
   </div>
   <div class='ocr_carea' id='block_1_9' title="bbox 1155 1973 1297 2013">
    <p class='ocr_par' dir='ltr' id='par_1_10' title="bbox 1155 1973 1297 2013">
     <span class='ocr_line' id='line_1_15' title="bbox 1155 1973 1297 2013; baseline 0.007 -1"><span class='ocrx_word' id='word_1_86' title='bbox 1155 1973 1187 2012; x_wconf 88' lang='lat' dir='ltr'>llll</span> <span class='ocrx_word' id='word_1_87' title='bbox 1196 1974 1234 2013; x_wconf 82' lang='lat' dir='ltr'>tlte</span> <span class='ocrx_word' id='word_1_88' title='bbox 1243 1974 1297 2013; x_wconf 72' lang='lat' dir='ltr'>seut</span> 
     </span>
    </p>
   </div>
   <div class='ocr_carea' id='block_1_10' title="bbox 189 1997 1221 2281">
    <p class='ocr_par' dir='ltr' id='par_1_11' title="bbox 189 1997 1221 2281">
     <span class='ocr_line' id='line_1_16' title="bbox 189 1997 1221 2081; baseline -0.003 -18"><span class='ocrx_word' id='word_1_89' title='bbox 189 2017 300 2081; x_wconf 85' lang='lat' dir='ltr'>usqne</span> <span class='ocrx_word' id='word_1_90' title='bbox 325 1999 370 2062; x_wconf 85' lang='lat' dir='ltr'>ad</span> <span class='ocrx_word' id='word_1_91' title='bbox 391 1998 519 2064; x_wconf 85' lang='lat' dir='ltr'>festum</span> <span class='ocrx_word' id='word_1_92' title='bbox 534 1997 696 2062; x_wconf 90' lang='lat' dir='ltr'>Omnium</span> <span class='ocrx_word' id='word_1_93' title='bbox 717 1998 921 2062; x_wconf 84' lang='lat' dir='ltr'>Sanctorum</span> <span class='ocrx_word' id='word_1_94' title='bbox 944 2002 1117 2065; x_wconf 82' lang='lat' dir='ltr'>concessit</span> <span class='ocrx_word' id='word_1_95' title='bbox 1132 2020 1141 2080; x_wconf 92' lang='lat'>;</span> <span class='ocrx_word' id='word_1_96' title='bbox 1155 2023 1221 2061; x_wconf 67' lang='lat' dir='ltr'>orm</span> 
     </span>
     <span class='ocr_line' id='line_1_17' title="bbox 190 2096 1143 2180; baseline 0.002 -18"><span class='ocrx_word' id='word_1_97' title='bbox 190 2098 427 2180; x_wconf 80' lang='lat' dir='ltr'>ordinatisque</span> <span class='ocrx_word' id='word_1_98' title='bbox 455 2099 558 2162; x_wconf 88' lang='lat' dir='ltr'>rebus</span> <span class='ocrx_word' id='word_1_99' title='bbox 584 2096 723 2174; x_wconf 81' lang='lat' dir='ltr'>Scotiae,</span> <span class='ocrx_word' id='word_1_100' title='bbox 749 2115 908 2161; x_wconf 86' lang='lat' dir='ltr'>reversus</span> <span class='ocrx_word' id='word_1_101' title='bbox 934 2106 987 2162; x_wconf 87' lang='lat' dir='ltr'>est</span> <span class='ocrx_word' id='word_1_102' title='bbox 1013 2099 1048 2162; x_wconf 94' lang='lat' dir='ltr'>in</span> <span class='ocrx_word' id='word_1_103' title='bbox 1071 2097 1143 2164; x_wconf 83' lang='lat' dir='ltr'>An·</span> 
     </span>
     <span class='ocr_line' id='line_1_18' title="bbox 189 2191 1141 2281; baseline 0.001 -20"><span class='ocrx_word' id='word_1_104' title='bbox 189 2196 309 2281; x_wconf 78' lang='lat' dir='ltr'>gliam,</span> <span class='ocrx_word' id='word_1_105' title='bbox 331 2191 379 2263; x_wconf 77' lang='lat' dir='ltr'>&#39;et</span> <span class='ocrx_word' id='word_1_106' title='bbox 405 2198 499 2261; x_wconf 85' lang='lat' dir='ltr'>circa</span> <span class='ocrx_word' id='word_1_107' title='bbox 522 2196 670 2260; x_wconf 76' lang='lat' dir='ltr'>mediam</span> <span class='ocrx_word' id='word_1_108' title='bbox 686 2195 998 2277; x_wconf 83' lang='lat' dir='ltr'>Quedragesimam</span> <span class='ocrx_word' id='word_1_109' title='bbox 1014 2199 1141 2280; x_wconf 85' lang='lat' dir='ltr'>parlia-</span> 
     </span>
    </p>
   </div>
   <div class='ocr_carea' id='block_1_11' title="bbox 1155 2073 1256 2113">
    <p class='ocr_par' dir='ltr' id='par_1_12' title="bbox 1155 2073 1256 2113">
     <span class='ocr_line' id='line_1_19' title="bbox 1155 2073 1256 2113; baseline -0.02 0"><span class='ocrx_word' id='word_1_110' title='bbox 1155 2073 1256 2113; x_wconf 76' lang='lat' dir='ltr'>llellows.</span> 
     </span>
    </p>
   </div>
   <div class='ocr_carea' id='block_1_12' title="bbox 187 2403 1144 4137">
    <p class='ocr_par' dir='ltr' id='par_1_13' title="bbox 187 2403 1143 2675">
     <span class='ocr_line' id='line_1_20' title="bbox 187 2403 1143 2471; baseline -0.002 -16"><span class='ocrx_word' id='word_1_111' title='bbox 187 2406 252 2457; x_wconf 88' lang='lat' dir='ltr'>dicti</span> <span class='ocrx_word' id='word_1_112' title='bbox 268 2408 340 2469; x_wconf 72' lang='lat' dir='ltr'>regni</span> <span class='ocrx_word' id='word_1_113' title='bbox 354 2408 467 2471; x_wconf 77' lang='lat' dir='ltr'>Anglie,</span> <span class='ocrx_word' id='word_1_114' title='bbox 482 2405 653 2468; x_wconf 69' lang='lat' dir='ltr'>presentibus</span> <span class='ocrx_word' id='word_1_115' title='bbox 664 2414 666 2419; x_wconf 87' lang='lat'>·</span> <span class='ocrx_word' id='word_1_116' title='bbox 677 2403 748 2453; x_wconf 87' lang='lat' dir='ltr'>laudi</span> <span class='ocrx_word' id='word_1_117' title='bbox 769 2418 819 2452; x_wconf 91' lang='lat' dir='ltr'>non</span> <span class='ocrx_word' id='word_1_118' title='bbox 844 2403 946 2465; x_wconf 87' lang='lat' dir='ltr'>habere,</span> <span class='ocrx_word' id='word_1_119' title='bbox 963 2405 1079 2464; x_wconf 84' lang='lat' dir='ltr'>quamvis</span> <span class='ocrx_word' id='word_1_120' title='bbox 1097 2419 1143 2465; x_wconf 90' lang='lat' dir='ltr'>per</span> 
     </span>
     <span class='ocr_line' id='line_1_21' title="bbox 188 2474 1143 2538; baseline -0.003 -13"><span class='ocrx_word' id='word_1_121' title='bbox 188 2482 250 2526; x_wconf 86' lang='lat' dir='ltr'>sunt</span> <span class='ocrx_word' id='word_1_122' title='bbox 273 2491 395 2538; x_wconf 85' lang='lat' dir='ltr'>appensa.</span> <span class='ocrx_word' id='word_1_123' title='bbox 447 2478 520 2527; x_wconf 81' lang='lat' dir='ltr'>Data</span> <span class='ocrx_word' id='word_1_124' title='bbox 544 2480 570 2525; x_wconf 90' lang='lat' dir='ltr'>et</span> <span class='ocrx_word' id='word_1_125' title='bbox 595 2480 653 2524; x_wconf 85' lang='lat' dir='ltr'>acta</span> <span class='ocrx_word' id='word_1_126' title='bbox 678 2474 791 2523; x_wconf 86' lang='lat' dir='ltr'>occultus</span> <span class='ocrx_word' id='word_1_127' title='bbox 810 2474 917 2523; x_wconf 80' lang='lat' dir='ltr'>insidias</span> <span class='ocrx_word' id='word_1_128' title='bbox 938 2474 1054 2536; x_wconf 80' lang='lat' dir='ltr'>Anglicis</span> <span class='ocrx_word' id='word_1_129' title='bbox 1072 2489 1143 2535; x_wconf 82' lang='lat' dir='ltr'>saepe</span> 
     </span>
     <span class='ocr_line' id='line_1_22' title="bbox 190 2543 1142 2608; baseline -0.002 -13"><span class='ocrx_word' id='word_1_130' title='bbox 190 2546 260 2608; x_wconf 85' lang='lat' dir='ltr'>apud</span> <span class='ocrx_word' id='word_1_131' title='bbox 286 2546 442 2594; x_wconf 86' lang='lat' dir='ltr'>Lincolniam</span> <span class='ocrx_word' id='word_1_132' title='bbox 464 2561 529 2595; x_wconf 82' lang='lat' dir='ltr'>anno</span> <span class='ocrx_word' id='word_1_133' title='bbox 549 2545 653 2594; x_wconf 89' lang='lat' dir='ltr'>Domini</span> <span class='ocrx_word' id='word_1_134' title='bbox 679 2548 829 2592; x_wconf 87' lang='lat' dir='ltr'>nocumenta</span> <span class='ocrx_word' id='word_1_135' title='bbox 855 2543 983 2605; x_wconf 79' lang='lat' dir='ltr'>inferrent,</span> <span class='ocrx_word' id='word_1_136' title='bbox 1009 2549 1142 2605; x_wconf 80' lang='lat' dir='ltr'>sperantes</span> 
     </span>
     <span class='ocr_line' id='line_1_23' title="bbox 191 2611 1143 2675; baseline -0.001 -12"><span class='ocrx_word' id='word_1_137' title='bbox 191 2611 312 2666; x_wconf 68' lang='lat' dir='ltr'><em>MGCC!</em></span> <span class='ocrx_word' id='word_1_138' title='bbox 347 2614 493 2664; x_wconf 81' lang='lat' dir='ltr'>Hem.188.</span> <span class='ocrx_word' id='word_1_139' title='bbox 679 2612 787 2662; x_wconf 89' lang='lat' dir='ltr'>reditum</span> <span class='ocrx_word' id='word_1_140' title='bbox 806 2614 874 2675; x_wconf 79' lang='lat' dir='ltr'>regis</span> <span class='ocrx_word' id='word_1_141' title='bbox 891 2614 917 2661; x_wconf 94' lang='lat' dir='ltr'>in</span> <span class='ocrx_word' id='word_1_142' title='bbox 935 2613 1056 2675; x_wconf 79' lang='lat' dir='ltr'>Angliam</span> <span class='ocrx_word' id='word_1_143' title='bbox 1076 2615 1143 2663; x_wconf 89' lang='lat' dir='ltr'>cele·</span> 
     </span>
    </p>

    <p class='ocr_par' dir='ltr' id='par_1_14' title="bbox 189 2681 1144 4137">
     <span class='ocr_line' id='line_1_24' title="bbox 228 2681 1142 2745; baseline -0.002 -11"><span class='ocrx_word' id='word_1_144' title='bbox 228 2681 235 2712; x_wconf 90' lang='lat'><strong>¹</strong></span> <span class='ocrx_word' id='word_1_145' title='bbox 255 2685 324 2734; x_wconf 85' lang='lat' dir='ltr'>llere</span> <span class='ocrx_word' id='word_1_146' title='bbox 343 2684 386 2734; x_wconf 91' lang='lat' dir='ltr'>tbe</span> <span class='ocrx_word' id='word_1_147' title='bbox 405 2686 466 2735; x_wconf 83' lang='lat' dir='ltr'>Cod.</span> <span class='ocrx_word' id='word_1_148' title='bbox 485 2684 551 2734; x_wconf 80' lang='lat' dir='ltr'>Mer.</span> <span class='ocrx_word' id='word_1_149' title='bbox 570 2683 653 2734; x_wconf 82' lang='lat' dir='ltr'>varies</span> <span class='ocrx_word' id='word_1_150' title='bbox 678 2698 741 2745; x_wconf 89' lang='lat' dir='ltr'>rem,</span> <span class='ocrx_word' id='word_1_151' title='bbox 752 2683 925 2732; x_wconf 86' lang='lat' dir='ltr'>utaodaciam</span> <span class='ocrx_word' id='word_1_152' title='bbox 937 2682 1046 2732; x_wconf 88' lang='lat' dir='ltr'>bostium</span> <span class='ocrx_word' id='word_1_153' title='bbox 1061 2685 1142 2745; x_wconf 88' lang='lat' dir='ltr'>repri-</span> 
     </span>
     <span class='ocr_line' id='line_1_25' title="bbox 190 2716 1143 2815; baseline 0 -12"><span class='ocrx_word' id='word_1_154' title='bbox 190 2753 327 2803; x_wconf 81' lang='lat' dir='ltr'>asiollows</span> <span class='ocrx_word' id='word_1_155' title='bbox 334 2753 397 2803; x_wconf 77' lang='lat' dir='ltr'>from</span> <span class='ocrx_word' id='word_1_156' title='bbox 405 2754 439 2804; x_wconf 84' lang='lat' dir='ltr'>all</span> <span class='ocrx_word' id='word_1_157' title='bbox 447 2754 490 2804; x_wconf 88' lang='lat' dir='ltr'>tbe</span> <span class='ocrx_word' id='word_1_158' title='bbox 496 2753 568 2803; x_wconf 88' lang='lat' dir='ltr'>other</span> <span class='ocrx_word' id='word_1_159' title='bbox 576 2754 653 2803; x_wconf 85' lang='lat' dir='ltr'><strong>MSS.</strong></span> <span class='ocrx_word' id='word_1_160' title='bbox 664 2716 667 2793; x_wconf 70' lang='grc' dir='ltr'>Ι</span> <span class='ocrx_word' id='word_1_161' title='bbox 678 2757 766 2814; x_wconf 90' lang='lat' dir='ltr'>meret,</span> <span class='ocrx_word' id='word_1_162' title='bbox 773 2767 817 2815; x_wconf 90' lang='lat' dir='ltr'>per</span> <span class='ocrx_word' id='word_1_163' title='bbox 823 2757 900 2802; x_wconf 88' lang='lat' dir='ltr'>totam</span> <span class='ocrx_word' id='word_1_164' title='bbox 908 2752 1014 2801; x_wconf 88' lang='lat' dir='ltr'>hiemem</span> <span class='ocrx_word' id='word_1_165' title='bbox 1022 2754 1048 2801; x_wconf 93' lang='lat' dir='ltr'>in</span> <span class='ocrx_word' id='word_1_166' title='bbox 1057 2753 1143 2803; x_wconf 89' lang='lat' dir='ltr'>Scotia</span> 
     </span>
     <span class='ocr_line' id='line_1_26' title="bbox 189 2822 1142 2885; baseline 0 -12"><span class='ocrx_word' id='word_1_167' title='bbox 189 2822 327 2874; x_wconf 76' lang='lat' dir='ltr'>‘Decessit</span> <span class='ocrx_word' id='word_1_168' title='bbox 343 2824 391 2873; x_wconf 87' lang='lat' dir='ltr'>boc</span> <span class='ocrx_word' id='word_1_169' title='bbox 409 2839 475 2873; x_wconf 86' lang='lat' dir='ltr'>anno</span> <span class='ocrx_word' id='word_1_170' title='bbox 490 2838 574 2873; x_wconf 89' lang='lat' dir='ltr'>comes</span> <span class='ocrx_word' id='word_1_171' title='bbox 590 2822 654 2874; x_wconf 89' lang='lat' dir='ltr'>Cor·</span> <span class='ocrx_word' id='word_1_172' title='bbox 678 2822 749 2885; x_wconf 84' lang='lat' dir='ltr'>apud</span> <span class='ocrx_word' id='word_1_173' title='bbox 760 2822 881 2884; x_wconf 83' lang='lat' dir='ltr'>Linlisco,</span> <span class='ocrx_word' id='word_1_174' title='bbox 892 2823 936 2871; x_wconf 92' lang='lat' dir='ltr'>ubi</span> <span class='ocrx_word' id='word_1_175' title='bbox 948 2828 973 2871; x_wconf 91' lang='lat' dir='ltr'>et</span> <span class='ocrx_word' id='word_1_176' title='bbox 983 2822 1075 2872; x_wconf 80' lang='lat' dir='ltr'>festum</span> <span class='ocrx_word' id='word_1_177' title='bbox 1088 2823 1142 2873; x_wconf 85' lang='lat' dir='ltr'>Na·</span> 
     </span>
     <span class='ocr_line' id='line_1_27' title="bbox 190 2892 1143 2957; baseline 0.002 -16"><span class='ocrx_word' id='word_1_178' title='bbox 190 2894 277 2943; x_wconf 78' lang='lat' dir='ltr'>nubtae</span> <span class='ocrx_word' id='word_1_179' title='bbox 291 2893 468 2957; x_wconf 86' lang='lat' dir='ltr'>Eadmundus,</span> <span class='ocrx_word' id='word_1_180' title='bbox 478 2896 553 2956; x_wconf 86' lang='lat' dir='ltr'>cnjus</span> <span class='ocrx_word' id='word_1_181' title='bbox 567 2894 653 2955; x_wconf 86' lang='lat' dir='ltr'>sepul·</span> <span class='ocrx_word' id='word_1_182' title='bbox 679 2893 739 2942; x_wconf 79' lang='lat' dir='ltr'>talis</span> <span class='ocrx_word' id='word_1_183' title='bbox 753 2892 856 2942; x_wconf 88' lang='lat' dir='ltr'>Domini</span> <span class='ocrx_word' id='word_1_184' title='bbox 870 2893 961 2954; x_wconf 85' lang='lat' dir='ltr'>tenuit,</span> <span class='ocrx_word' id='word_1_185' title='bbox 979 2894 1143 2945; x_wconf 61' lang='lat' dir='ltr'>morabatur!</span> 
     </span>
     <span class='ocr_line' id='line_1_28' title="bbox 191 2958 1142 3013; baseline 0.002 -2"><span class='ocrx_word' id='word_1_186' title='bbox 191 2967 257 3011; x_wconf 80' lang='lat' dir='ltr'>turre</span> <span class='ocrx_word' id='word_1_187' title='bbox 268 2964 294 3012; x_wconf 92' lang='lat' dir='ltr'>in</span> <span class='ocrx_word' id='word_1_188' title='bbox 309 2963 417 3013; x_wconf 76' lang='lat' dir='ltr'>ecclesie</span> <span class='ocrx_word' id='word_1_189' title='bbox 432 2963 610 3012; x_wconf 76' lang='lat' dir='ltr'>monachorum</span> <span class='ocrx_word' id='word_1_190' title='bbox 621 2963 653 3011; x_wconf 91' lang='lat' dir='ltr'>de</span> <span class='ocrx_word' id='word_1_191' title='bbox 715 2958 725 2988; x_wconf 87' lang='lat'><strong>¹</strong></span> <span class='ocrx_word' id='word_1_192' title='bbox 741 2961 811 3009; x_wconf 89' lang='lat' dir='ltr'>Here</span> <span class='ocrx_word' id='word_1_193' title='bbox 820 2963 880 3012; x_wconf 83' lang='lat' dir='ltr'>Cod.</span> <span class='ocrx_word' id='word_1_194' title='bbox 888 2964 954 3013; x_wconf 83' lang='lat' dir='ltr'>Mer.</span> <span class='ocrx_word' id='word_1_195' title='bbox 967 2963 1013 3012; x_wconf 87' lang='lat' dir='ltr'>bas</span> <span class='ocrx_word' id='word_1_196' title='bbox 1024 2978 1057 3013; x_wconf 84' lang='lat' dir='ltr'>un</span> <span class='ocrx_word' id='word_1_197' title='bbox 1068 2964 1142 3013; x_wconf 89' lang='lat' dir='ltr'>addi·</span> 
     </span>
     <span class='ocr_line' id='line_1_29' title="bbox 193 3026 1140 3096; baseline 0.002 -16"><span class='ocrx_word' id='word_1_198' title='bbox 193 3030 294 3093; x_wconf 79' lang='lat' dir='ltr'>Hayles</span> <span class='ocrx_word' id='word_1_199' title='bbox 315 3033 412 3094; x_wconf 79' lang='lat' dir='ltr'>placuit</span> <span class='ocrx_word' id='word_1_200' title='bbox 431 3034 495 3094; x_wconf 76' lang='lat' dir='ltr'>regi,</span> <span class='ocrx_word' id='word_1_201' title='bbox 514 3032 576 3092; x_wconf 88' lang='lat' dir='ltr'>quia</span> <span class='ocrx_word' id='word_1_202' title='bbox 596 3045 655 3079; x_wconf 89' lang='lat' dir='ltr'>con·</span> <span class='ocrx_word' id='word_1_203' title='bbox 678 3026 757 3079; x_wconf 75' lang='lat' dir='ltr'>tiondl</span> <span class='ocrx_word' id='word_1_204' title='bbox 776 3035 894 3081; x_wconf 83' lang='lat' dir='ltr'>sentence</span> <span class='ocrx_word' id='word_1_205' title='bbox 910 3037 954 3082; x_wconf 92' lang='lat' dir='ltr'>not</span> <span class='ocrx_word' id='word_1_206' title='bbox 969 3034 1102 3096; x_wconf 79' lang='lat' dir='ltr'>occurring</span> <span class='ocrx_word' id='word_1_207' title='bbox 1114 3034 1140 3082; x_wconf 87' lang='lat' dir='ltr'>in</span> 
     </span>
     <span class='ocr_line' id='line_1_30' title="bbox 192 3098 1141 3165; baseline 0.001 -14"><span class='ocrx_word' id='word_1_208' title='bbox 192 3103 348 3163; x_wconf 74' lang='lat' dir='ltr'>sanguineus</span> <span class='ocrx_word' id='word_1_209' title='bbox 359 3104 415 3164; x_wconf 80' lang='lat' dir='ltr'>eJus</span> <span class='ocrx_word' id='word_1_210' title='bbox 432 3106 495 3161; x_wconf 87' lang='lat' dir='ltr'>erat,</span> <span class='ocrx_word' id='word_1_211' title='bbox 506 3114 578 3149; x_wconf 89' lang='lat' dir='ltr'>suum</span> <span class='ocrx_word' id='word_1_212' title='bbox 590 3114 654 3160; x_wconf 77' lang='lat' dir='ltr'>pre·</span> <span class='ocrx_word' id='word_1_213' title='bbox 679 3098 722 3147; x_wconf 89' lang='lat' dir='ltr'>tbe</span> <span class='ocrx_word' id='word_1_214' title='bbox 739 3098 811 3148; x_wconf 86' lang='lat' dir='ltr'>otber</span> <span class='ocrx_word' id='word_1_215' title='bbox 830 3101 907 3150; x_wconf 86' lang='lat' dir='ltr'><strong>MSS.</strong></span> <span class='ocrx_word' id='word_1_216' title='bbox 942 3102 1016 3151; x_wconf 79' lang='lat' dir='ltr'>‘Rex</span> <span class='ocrx_word' id='word_1_217' title='bbox 1038 3104 1141 3165; x_wconf 77' lang='lat' dir='ltr'>Anglise</span> 
     </span>
     <span class='ocr_line' id='line_1_31' title="bbox 192 3167 1141 3233; baseline 0 -12"><span class='ocrx_word' id='word_1_218' title='bbox 192 3173 299 3221; x_wconf 82' lang='lat' dir='ltr'>sentiam</span> <span class='ocrx_word' id='word_1_219' title='bbox 318 3171 447 3221; x_wconf 84' lang='lat' dir='ltr'>exhibere.</span> <span class='ocrx_word' id='word_1_220' title='bbox 490 3170 532 3219; x_wconf 90' lang='lat' dir='ltr'>De</span> <span class='ocrx_word' id='word_1_221' title='bbox 555 3168 655 3229; x_wconf 81' lang='lat' dir='ltr'>lleyles</span> <span class='ocrx_word' id='word_1_222' title='bbox 681 3167 832 3217; x_wconf 86' lang='lat' dir='ltr'>Pascbalem</span> <span class='ocrx_word' id='word_1_223' title='bbox 862 3171 1044 3220; x_wconf 80' lang='lat' dir='ltr'>solemnitatem</span> <span class='ocrx_word' id='word_1_224' title='bbox 1072 3173 1141 3233; x_wconf 88' lang='lat' dir='ltr'>apud</span> 
     </span>
     <span class='ocr_line' id='line_1_32' title="bbox 193 3234 1143 3301; baseline 0.001 -13"><span class='ocrx_word' id='word_1_225' title='bbox 193 3254 252 3289; x_wconf 82' lang='lat' dir='ltr'>vero</span> <span class='ocrx_word' id='word_1_226' title='bbox 260 3241 324 3289; x_wconf 80' lang='lat' dir='ltr'>abiit</span> <span class='ocrx_word' id='word_1_227' title='bbox 334 3240 504 3301; x_wconf 87' lang='lat' dir='ltr'>osque-ubi</span> <span class='ocrx_word' id='word_1_228' title='bbox 515 3238 597 3287; x_wconf 86' lang='lat' dir='ltr'>tenuit</span> <span class='ocrx_word' id='word_1_229' title='bbox 605 3235 655 3287; x_wconf 84' lang='lat' dir='ltr'>ies·</span> <span class='ocrx_word' id='word_1_230' title='bbox 680 3235 786 3285; x_wconf 78' lang='lat' dir='ltr'>Divisae</span> <span class='ocrx_word' id='word_1_231' title='bbox 795 3234 911 3300; x_wconf 77' lang='lat' dir='ltr'>[tenuit3]</span> <span class='ocrx_word' id='word_1_232' title='bbox 922 3243 947 3286; x_wconf 91' lang='lat' dir='ltr'>et</span> <span class='ocrx_word' id='word_1_233' title='bbox 954 3241 1048 3298; x_wconf 81' lang='lat' dir='ltr'>statim,</span> <span class='ocrx_word' id='word_1_234' title='bbox 1055 3253 1143 3298; x_wconf 86' lang='lat' dir='ltr'>perac-</span> 
     </span>
     <span class='ocr_line' id='line_1_33' title="bbox 193 3306 1144 3370; baseline 0 -13"><span class='ocrx_word' id='word_1_235' title='bbox 193 3312 247 3358; x_wconf 89' lang='lat' dir='ltr'>tum</span> <span class='ocrx_word' id='word_1_236' title='bbox 261 3310 394 3359; x_wconf 81' lang='lat' dir='ltr'>Paschnle.</span> <span class='ocrx_word' id='word_1_237' title='bbox 432 3310 495 3358; x_wconf 89' lang='lat' dir='ltr'>Post</span> <span class='ocrx_word' id='word_1_238' title='bbox 505 3309 561 3358; x_wconf 86' lang='lat' dir='ltr'>baec</span> <span class='ocrx_word' id='word_1_239' title='bbox 569 3308 655 3356; x_wconf 80' lang='lat' dir='ltr'>visite·</span> <span class='ocrx_word' id='word_1_240' title='bbox 680 3308 707 3354; x_wconf 82' lang='lat' dir='ltr'>tu</span> <span class='ocrx_word' id='word_1_241' title='bbox 729 3306 894 3367; x_wconf 83' lang='lat' dir='ltr'>solemnitate,</span> <span class='ocrx_word' id='word_1_242' title='bbox 915 3307 1066 3355; x_wconf 82' lang='lat' dir='ltr'>wintoniam</span> <span class='ocrx_word' id='word_1_243' title='bbox 1086 3324 1144 3370; x_wconf 92' lang='lat' dir='ltr'>pro·</span> 
     </span>
     <span class='ocr_line' id='line_1_34' title="bbox 193 3375 1142 3439; baseline 0 -12"><span class='ocrx_word' id='word_1_244' title='bbox 193 3380 231 3429; x_wconf 86' lang='lat' dir='ltr'>vit</span> <span class='ocrx_word' id='word_1_245' title='bbox 241 3380 343 3429; x_wconf 81' lang='lat' dir='ltr'>beatum</span> <span class='ocrx_word' id='word_1_246' title='bbox 352 3380 473 3428; x_wconf 82' lang='lat' dir='ltr'>&#39;l&#39;bomum</span> <span class='ocrx_word' id='word_1_247' title='bbox 487 3377 656 3439; x_wconf 77' lang='lat' dir='ltr'>llereiordioe,</span> <span class='ocrx_word' id='word_1_248' title='bbox 681 3376 788 3437; x_wconf 81' lang='lat' dir='ltr'>perurit.</span> <span class='ocrx_word' id='word_1_249' title='bbox 824 3375 875 3424; x_wconf 88' lang='lat' dir='ltr'>Ubi</span> <span class='ocrx_word' id='word_1_250' title='bbox 887 3389 944 3423; x_wconf 88' lang='lat' dir='ltr'>cum</span> <span class='ocrx_word' id='word_1_251' title='bbox 964 3376 990 3423; x_wconf 93' lang='lat' dir='ltr'>in</span> <span class='ocrx_word' id='word_1_252' title='bbox 1003 3381 1086 3424; x_wconf 87' lang='lat' dir='ltr'>castro</span> <span class='ocrx_word' id='word_1_253' title='bbox 1097 3392 1142 3427; x_wconf 85' lang='lat' dir='ltr'>rex</span> 
     </span>
     <span class='ocr_line' id='line_1_35' title="bbox 193 3444 1143 3511; baseline -0.002 -12"><span class='ocrx_word' id='word_1_254' title='bbox 193 3455 220 3498; x_wconf 90' lang='lat' dir='ltr'>et</span> <span class='ocrx_word' id='word_1_255' title='bbox 235 3449 289 3498; x_wconf 81' lang='lat' dir='ltr'>alie</span> <span class='ocrx_word' id='word_1_256' title='bbox 306 3450 363 3499; x_wconf 88' lang='lat' dir='ltr'>loca</span> <span class='ocrx_word' id='word_1_257' title='bbox 382 3455 479 3510; x_wconf 89' lang='lat' dir='ltr'>sancta,</span> <span class='ocrx_word' id='word_1_258' title='bbox 498 3448 656 3511; x_wconf 83' lang='lat' dir='ltr'>expectando</span> <span class='ocrx_word' id='word_1_259' title='bbox 680 3450 707 3494; x_wconf 86' lang='lat' dir='ltr'>et</span> <span class='ocrx_word' id='word_1_260' title='bbox 717 3446 805 3508; x_wconf 74' lang='lat' dir='ltr'>regine</span> <span class='ocrx_word' id='word_1_261' title='bbox 815 3444 926 3506; x_wconf 83' lang='lat' dir='ltr'>quadam</span> <span class='ocrx_word' id='word_1_262' title='bbox 934 3450 1006 3495; x_wconf 87' lang='lat' dir='ltr'>nocte</span> <span class='ocrx_word' id='word_1_263' title='bbox 1017 3444 1143 3506; x_wconf 78' lang='lat' dir='ltr'>profundo</span> 
     </span>
     <span class='ocr_line' id='line_1_36' title="bbox 193 3516 1143 3580; baseline -0.002 -12"><span class='ocrx_word' id='word_1_264' title='bbox 193 3519 290 3568; x_wconf 88' lang='lat' dir='ltr'>exitum</span> <span class='ocrx_word' id='word_1_265' title='bbox 312 3524 468 3580; x_wconf 76' lang='lat' dir='ltr'>treugarum,</span> <span class='ocrx_word' id='word_1_266' title='bbox 490 3532 546 3567; x_wconf 92' lang='lat' dir='ltr'>cum</span> <span class='ocrx_word' id='word_1_267' title='bbox 573 3518 656 3567; x_wconf 85' lang='lat' dir='ltr'>Scotis</span> <span class='ocrx_word' id='word_1_268' title='bbox 681 3530 768 3565; x_wconf 88' lang='lat' dir='ltr'>somno</span> <span class='ocrx_word' id='word_1_269' title='bbox 776 3520 928 3576; x_wconf 87' lang='lat' dir='ltr'>tenerentur,</span> <span class='ocrx_word' id='word_1_270' title='bbox 938 3516 1055 3576; x_wconf 89' lang='lat' dir='ltr'>ruptione</span> <span class='ocrx_word' id='word_1_271' title='bbox 1066 3516 1143 3566; x_wconf 89' lang='lat' dir='ltr'>unius</span> 
     </span>
     <span class='ocr_line' id='line_1_37' title="bbox 193 3586 1144 3650; baseline -0.001 -13"><span class='ocrx_word' id='word_1_272' title='bbox 193 3589 322 3649; x_wconf 77' lang='lat' dir='ltr'>initurum,</span> <span class='ocrx_word' id='word_1_273' title='bbox 350 3603 432 3650; x_wconf 82' lang='lat' dir='ltr'>usque</span> <span class='ocrx_word' id='word_1_274' title='bbox 461 3587 495 3637; x_wconf 81' lang='lat' dir='ltr'>ad</span> <span class='ocrx_word' id='word_1_275' title='bbox 522 3588 656 3636; x_wconf 89' lang='lat' dir='ltr'>terminum</span> <span class='ocrx_word' id='word_1_276' title='bbox 681 3587 773 3635; x_wconf 83' lang='lat' dir='ltr'>camini</span> <span class='ocrx_word' id='word_1_277' title='bbox 788 3600 874 3635; x_wconf 87' lang='lat' dir='ltr'>omnes</span> <span class='ocrx_word' id='word_1_278' title='bbox 889 3600 937 3648; x_wconf 88' lang='lat' dir='ltr'>per</span> <span class='ocrx_word' id='word_1_279' title='bbox 952 3586 1086 3634; x_wconf 89' lang='lat' dir='ltr'>circuitum</span> <span class='ocrx_word' id='word_1_280' title='bbox 1101 3601 1144 3636; x_wconf 85' lang='lat' dir='ltr'>cu·</span> 
     </span>
     <span class='ocr_line' id='line_1_38' title="bbox 194 3656 1144 3719; baseline 0 -12"><span class='ocrx_word' id='word_1_281' title='bbox 194 3658 368 3707; x_wconf 87' lang='lat' dir='ltr'>Pentecostes.</span> <span class='ocrx_word' id='word_1_282' title='bbox 410 3658 533 3719; x_wconf 75' lang='lat' dir='ltr'>Igiturin</span> <span class='ocrx_word' id='word_1_283' title='bbox 549 3656 655 3706; x_wconf 79' lang='lat' dir='ltr'>festos.</span> <span class='ocrx_word' id='word_1_284' title='bbox 681 3670 757 3705; x_wconf 82' lang='lat' dir='ltr'>mene</span> <span class='ocrx_word' id='word_1_285' title='bbox 775 3661 836 3704; x_wconf 85' lang='lat' dir='ltr'>sunt</span> <span class='ocrx_word' id='word_1_286' title='bbox 854 3670 978 3705; x_wconf 73' lang='lat' dir='ltr'>accense.</span> <span class='ocrx_word' id='word_1_287' title='bbox 1014 3656 1067 3705; x_wconf 90' lang='lat' dir='ltr'>Ubi</span> <span class='ocrx_word' id='word_1_288' title='bbox 1084 3672 1144 3707; x_wconf 86' lang='lat' dir='ltr'>vero</span> 
     </span>
     <span class='ocr_line' id='line_1_39' title="bbox 193 3725 1144 3789; baseline 0.001 -12"><span class='ocrx_word' id='word_1_289' title='bbox 193 3726 301 3777; x_wconf 78' lang='lat' dir='ltr'>loannis</span> <span class='ocrx_word' id='word_1_290' title='bbox 324 3727 449 3788; x_wconf 70' lang='lat' dir='ltr'>Baptistae</span> <span class='ocrx_word' id='word_1_291' title='bbox 468 3727 596 3788; x_wconf 84' lang='lat' dir='ltr'>proiectus</span> <span class='ocrx_word' id='word_1_292' title='bbox 617 3731 656 3775; x_wconf 89' lang='lat' dir='ltr'>est</span> <span class='ocrx_word' id='word_1_293' title='bbox 681 3725 874 3788; x_wconf 86' lang='lat' dir='ltr'>perpendissent</span> <span class='ocrx_word' id='word_1_294' title='bbox 896 3725 1046 3789; x_wconf 85' lang='lat' dir='ltr'>periculum,</span> <span class='ocrx_word' id='word_1_295' title='bbox 1066 3729 1144 3777; x_wconf 84' lang='lat' dir='ltr'>assis·</span> 
     </span>
     <span class='ocr_line' id='line_1_40' title="bbox 192 3795 1144 3861; baseline 0 -14"><span class='ocrx_word' id='word_1_296' title='bbox 192 3797 431 3847; x_wconf 85' lang='lat' dir='ltr'>rexcnmexercitn</span> <span class='ocrx_word' id='word_1_297' title='bbox 444 3797 656 3859; x_wconf 83' lang='lat' dir='ltr'>inScotiam,ob-</span> <span class='ocrx_word' id='word_1_298' title='bbox 681 3801 749 3844; x_wconf 78' lang='lat' dir='ltr'>lente</span> <span class='ocrx_word' id='word_1_299' title='bbox 772 3798 926 3857; x_wconf 89' lang='lat' dir='ltr'>protectione</span> <span class='ocrx_word' id='word_1_300' title='bbox 952 3795 1072 3861; x_wconf 57' lang='lat' dir='ltr'>[divina]</span> <span class='ocrx_word' id='word_1_301' title='bbox 1098 3813 1144 3859; x_wconf 87' lang='lat' dir='ltr'>per</span> 
     </span>
     <span class='ocr_line' id='line_1_41' title="bbox 192 3865 1144 3929; baseline 0 -13"><span class='ocrx_word' id='word_1_302' title='bbox 192 3868 308 3929; x_wconf 85' lang='lat' dir='ltr'>seditque</span> <span class='ocrx_word' id='word_1_303' title='bbox 315 3872 425 3916; x_wconf 88' lang='lat' dir='ltr'>castrum</span> <span class='ocrx_word' id='word_1_304' title='bbox 434 3865 656 3929; x_wconf 74' lang='lat' dir='ltr'>de‘Bocbenbille‚</span> <span class='ocrx_word' id='word_1_305' title='bbox 681 3867 773 3914; x_wconf 87' lang='lat' dir='ltr'>ostium</span> <span class='ocrx_word' id='word_1_306' title='bbox 785 3866 913 3926; x_wconf 87' lang='lat' dir='ltr'>quoddam</span> <span class='ocrx_word' id='word_1_307' title='bbox 923 3867 1057 3927; x_wconf 85' lang='lat' dir='ltr'>parvulum</span> <span class='ocrx_word' id='word_1_308' title='bbox 1069 3869 1095 3916; x_wconf 93' lang='lat' dir='ltr'>in</span> <span class='ocrx_word' id='word_1_309' title='bbox 1106 3869 1144 3917; x_wconf 81' lang='lat' dir='ltr'>la·</span> 
     </span>
     <span class='ocr_line' id='line_1_42' title="bbox 191 3935 1143 3997; baseline 0.003 -13"><span class='ocrx_word' id='word_1_310' title='bbox 191 3936 260 3997; x_wconf 88' lang='lat' dir='ltr'>qnod</span> <span class='ocrx_word' id='word_1_311' title='bbox 282 3937 336 3986; x_wconf 89' lang='lat' dir='ltr'>sine</span> <span class='ocrx_word' id='word_1_312' title='bbox 359 3935 508 3984; x_wconf 85' lang='lat' dir='ltr'>difficultate</span> <span class='ocrx_word' id='word_1_313' title='bbox 529 3936 655 3984; x_wconf 85' lang='lat' dir='ltr'>redditum</span> <span class='ocrx_word' id='word_1_314' title='bbox 668 3940 670 3989; x_wconf 71' lang='lat' dir='ltr'><strong>j</strong></span> <span class='ocrx_word' id='word_1_315' title='bbox 682 3940 734 3984; x_wconf 90' lang='lat' dir='ltr'>tere</span> <span class='ocrx_word' id='word_1_316' title='bbox 751 3950 868 3997; x_wconf 83' lang='lat' dir='ltr'>camerae,</span> <span class='ocrx_word' id='word_1_317' title='bbox 881 3936 949 3996; x_wconf 88' lang='lat' dir='ltr'>quod</span> <span class='ocrx_word' id='word_1_318' title='bbox 967 3936 1089 3986; x_wconf 85' lang='lat' dir='ltr'>hactenus</span> <span class='ocrx_word' id='word_1_319' title='bbox 1106 3939 1143 3987; x_wconf 81' lang='lat' dir='ltr'>la·</span> 
     </span>
     <span class='ocr_line' id='line_1_43' title="bbox 192 4004 1142 4068; baseline 0 -13"><span class='ocrx_word' id='word_1_320' title='bbox 192 4007 462 4068; x_wconf 74' lang='lat' dir='ltr'>estregiaevoluntoti.</span> <span class='ocrx_word' id='word_1_321' title='bbox 494 4004 657 4066; x_wconf 83' lang='lat' dir='ltr'>Perpendens</span> <span class='ocrx_word' id='word_1_322' title='bbox 682 4009 774 4063; x_wconf 88' lang='lat' dir='ltr'>tuerat,</span> <span class='ocrx_word' id='word_1_323' title='bbox 793 4006 899 4066; x_wconf 77' lang='lat' dir='ltr'>egressi,</span> <span class='ocrx_word' id='word_1_324' title='bbox 914 4019 1012 4054; x_wconf 86' lang='lat' dir='ltr'>omnem</span> <span class='ocrx_word' id='word_1_325' title='bbox 1032 4007 1142 4055; x_wconf 88' lang='lat' dir='ltr'>incendii</span> 
     </span>
     <span class='ocr_line' id='line_1_44' title="bbox 192 4070 985 4137; baseline -0.004 -12"><span class='ocrx_word' id='word_1_326' title='bbox 192 4080 276 4125; x_wconf 86' lang='lat' dir='ltr'>autem</span> <span class='ocrx_word' id='word_1_327' title='bbox 298 4078 386 4126; x_wconf 80' lang='lat' dir='ltr'>Sestos</span> <span class='ocrx_word' id='word_1_328' title='bbox 405 4079 553 4137; x_wconf 84' lang='lat' dir='ltr'>potestatem</span> <span class='ocrx_word' id='word_1_329' title='bbox 577 4074 658 4123; x_wconf 90' lang='lat' dir='ltr'>rebel·</span> <span class='ocrx_word' id='word_1_330' title='bbox 683 4074 823 4123; x_wconf 84' lang='lat' dir='ltr'>molestiam</span> <span class='ocrx_word' id='word_1_331' title='bbox 836 4070 985 4122; x_wconf 82' lang='lat' dir='ltr'>evaserunt’</span> 
     </span>
    </p>
   </div>
   <div class='ocr_carea' id='block_1_13' title="bbox 487 4193 845 4249">
    <p class='ocr_par' dir='ltr' id='par_1_15' title="bbox 487 4193 845 4249">
     <span class='ocr_line' id='line_1_45' title="bbox 487 4193 845 4249; baseline -0.003 0"><span class='ocrx_word' id='word_1_332' title='bbox 487 4204 499 4230; x_wconf 81' lang='lat'>⁸</span> <span class='ocrx_word' id='word_1_333' title='bbox 514 4193 650 4249; x_wconf 82' lang='lat' dir='ltr'>‘Ronkill’</span> <span class='ocrx_word' id='word_1_334' title='bbox 660 4200 686 4248; x_wconf 89' lang='lat' dir='ltr'>in</span> <span class='ocrx_word' id='word_1_335' title='bbox 698 4199 741 4249; x_wconf 90' lang='lat' dir='ltr'>tbe</span> <span class='ocrx_word' id='word_1_336' title='bbox 751 4200 845 4249; x_wconf 87' lang='lat' dir='ltr'>Merse.</span> 
     </span>
    </p>
   </div>
   <div class='ocr_carea' id='block_1_14' title="bbox 0 0 1482 4950">
    <p class='ocr_par' dir='ltr' id='par_1_16' title="bbox 0 0 1482 4950">
     <span class='ocr_line' id='line_1_46' title="bbox 0 0 1482 4950; baseline 0 0"><span class='ocrx_word' id='word_1_337' title='bbox 0 0 1482 4950; x_wconf 95' lang='lat' dir='ltr'> </span> 
     </span>
    </p>
   </div>
  </div>
 </body>
</html>
