2948 4942
339 451 408 514 314
692 464 766 513 uic.
793 464 942 512 rarvsrr

340 622 376 685 in
390 641 503 703 regem
515 620 709 685 Jerusalem
726 627 929 696 coronatum
950 619 1042 702 quod
1057 639 1173 685 comes
1186 620 1290 686 Atre-

340 721 492 784 batensis
519 722 553 785 in
581 720 819 803 praejudicium
839 714 948 800 ¹regis
971 718 1111 797 Siciliae,
1130 721 1192 804 qui
1211 739 1289 803 reg-

339 839 422 883 num
449 819 533 884 illud
567 820 782 892 vendicabat,
815 819 945 883 sactum
976 819 1164 896 aestimans,
1195 821 1288 884 bona

339 918 614 1001 Templariorum
648 927 683 983 et
721 917 1050 1001 Hospitalariorum,
1093 919 1154 1000 qui
1192 919 1288 985 facto

339 1018 418 1081 huic
444 1025 701 1094 consenserant,
731 1018 858 1099 ubique
882 1037 943 1100 per
970 1017 1136 1100 Apuliam
1159 1018 1287 1082 conlis-

339 1118 442 1181 cavit.
495 1116 661 1182 Alsonsus
691 1115 881 1198 Aragoniae
910 1137 986 1193 rex,
1014 1118 1129 1182 missis
1154 1117 1200 1181 ad
1227 1137 1289 1183 cu-

339 1216 424 1280 riam
454 1216 648 1280 Romanam
674 1216 817 1292 nuntiis,
841 1215 1053 1281 reconciliari
1075 1217 1201 1299 petivit
1226 1235 1286 1282 ec·

338 1316 476 1395 clesiae;
518 1316 560 1380 de
590 1315 655 1392 his,
684 1335 763 1397 quae
791 1334 853 1396 por
882 1316 1024 1380 fratrem
1055 1335 1156 1379 suum
1191 1316 1287 1382 facta

338 1415 489 1491 fuerant,
506 1435 543 1479 se
558 1434 740 1479 excusans.

261 1933 273 1962 o
389 1907 562 1971 Caaonus
584 1907 675 1971 filius
698 1907 828 1984 Caroli,
852 1909 1011 1991 princeps
1026 1907 1183 1986 Achaiae,
1206 1930 1288 1992 pro·

234 1982 269 2012 ω’
339 2013 483 2071 curante
516 2027 597 2088 rege
629 2006 782 2088 Angliae,
813 2007 980 2072 liberatur
1009 2027 1031 2071 a
1063 2027 1200 2074 carcere
1221 2011 1288 2074 sub

338 2107 404 2169 hac
427 2105 557 2171 forma:
582 2107 753 2183 videlicet,
777 2106 868 2188 quod
894 2107 977 2171 data
1001 2108 1076 2188 regi
1096 2105 1288 2190 Aragoniae

339 2199 452 2269 ²certa
475 2225 610 2269 summa
638 2207 805 2289 pecuniae,
829 2207 904 2288 ipse
926 2206 1073 2271 Carolus
1098 2226 1121 2270 a
1145 2208 1288 2272 domino

339 2324 432 2388 papa
461 2325 581 2387 pacem
613 2305 898 2388 Aragonensibus
931 2306 1154 2388 impetraret3
1192 2308 1286 2390 quod

340 2405 368 2467 si
385 2403 475 2468 inlra
501 2405 684 2469 triennium
710 2423 896 2488 procurare
918 2424 986 2469 non
1006 2411 1136 2487 posset,
1160 2406 1289 2472 rediret

340 2504 384 2565 ad
410 2523 603 2568 carcerem:
640 2503 765 2586 quibus
801 2503 1055 2567 conditionibus
1085 2504 1288 2587 juramento

340 2601 495 2677 firmatis,
518 2603 652 2666 tradere
672 2603 818 2667 debebat
839 2602 986 2666 Carolus
1008 2609 1079 2666 tres
1095 2603 1186 2669 filios
1204 2625 1286 2670 suos

340 2701 476 2765 obsides
498 2709 533 2765 et
549 2703 636 2765 alios
651 2702 777 2766 milites
799 2702 929 2765 nobiles
946 2701 1195 2784 quadraginta3
1224 2724 1286 2787 pro

340 2801 463 2881 quibus
488 2820 667 2882 quousque
698 2801 831 2864 veniret
858 2820 921 2864 rex
946 2799 1086 2882 Angliae
1110 2801 1287 2868 liberatio-

339 2918 416 2962 nem
440 2899 556 2963 Garoli
580 2899 787 2977 accelerans,
809 2900 940 2964 nobiles
965 2900 1058 2964 viros
1080 2902 1140 2982 qui
1166 2921 1284 2966 secum

340 3005 437 3062 erant
469 2997 605 3061 obsides
636 2999 790 3073 tradidit,
822 3007 857 3063 et
887 3000 1065 3082 pecuniam
1100 3019 1212 3084 usque
1240 3003 1285 3067 ad

340 3097 484 3178 triginta
514 3098 622 3161 millia
652 3098 816 3161 librarum
844 3099 1022 3180 persolvit.
1091 3097 1285 3183 Postquam

339 3204 453 3259 autem
488 3197 549 3260 filii
582 3197 698 3261 Caroli
724 3204 902 3274 venerant,
933 3217 994 3261 rex
1022 3196 1161 3280 Angliae
1194 3201 1285 3264 mili·

340 3297 432 3360 tibus
457 3297 529 3359 suis
556 3297 711 3360 liberatis
733 3296 768 3359 in
794 3297 1005 3362 Vasconiam
1032 3299 1228 3376 revertitur,
1251 3308 1287 3364 et

340 3397 430 3477 apud
467 3395 679 3460 Blanlreford
711 3396 821 3461 crucis
848 3397 1000 3478 suscepit
1025 3396 1285 3479 characterem

339 3514 489 3576 moxque
517 3494 660 3559 Judaeos
685 3514 815 3573 omnes,
837 3505 1001 3578 tanquam
1023 3497 1133 3560 crucis
1156 3497 1287 3575 hostes,

341 3593 476 3674 expulit
495 3592 537 3655 de
555 3594 743 3671 vasconia,
764 3602 799 3658 et
818 3593 895 3657 aliis
915 3596 1014 3658 terris
1038 3596 1196 3660 omnibus
1213 3598 1286 3661 suis

341 3710 429 3772 quas
445 3691 481 3753 in
497 3711 603 3772 regno
626 3693 782 3757 Franciae
801 3694 1010 3776 possidebat.

179 3807 330 3848 nnuma
393 3789 535 3852 Interim
560 3790 673 3853 Resus
697 3791 788 3855 filius
812 3792 990 3856 Mereduci
1010 3792 1175 3857 Walliam
1202 3815 1285 3860 con·

179 3857 202 3898 ln
212 3858 287 3899 Wales.

342 3889 505 3964 turbavit,
526 3887 798 3973 impugnareque
823 3893 930 3974 coepit
955 3892 1073 3974 aliqua
1099 3894 1191 3974 regis
1215 3914 1289 3959 cas-

341 3996 405 4052 tra.
473 3988 624 4071 Tripolis
662 3990 785 4053 civitas
819 3992 1047 4055 transmarina
1083 4009 1105 4054 a
1136 3991 1291 4059 Soldano

377 4234 712 4285 ¹omilledindl.and.4r.
805 4231 810 4302 Ι
861 4233 896 4262 '⁴
904 4241 975 4286 carta
985 4242 1054 4286 certa
1063 4233 1080 4295 ;’
1093 4239 1153 4288 Cod.
1167 4239 1232 4301 Reg.
