2940 4950
583 475 765 524 eunucus.
1082 456 1149 522 323

184 632 264 716 ejus
286 634 323 697 in
346 633 555 698 monasterio
581 630 851 707 Ambresburioe,
869 649 929 693 cer
955 649 1036 693 vero
1055 628 1145 692 Lon-

186 732 301 797 doniis
323 734 358 797 ln
382 733 527 797 ecclesia
548 734 692 796 fratrum
716 731 901 794 Minorum.
957 730 1036 793 Rex
1067 748 1148 791 vere

187 840 270 914 post
291 834 416 897 testum
437 832 473 896 S.
492 832 673 896 Michaelis
689 832 812 894 iterum
838 829 983 894 tendens
1010 829 1045 891 in
1065 827 1146 891 Sco-

188 932 287 1009 tiam,
304 952 381 998 cum
399 932 592 996 Eboracum
610 931 772 1007 venisset,
793 948 996 1011 moramque
1014 927 1146 1009 aliqua·

189 1030 258 1095 lem
286 1031 335 1099 ibi
364 1033 513 1108 fecisset,
544 1030 659 1096 Resus
682 1030 774 1093 filius
803 1028 981 1093 Mereduci
1009 1036 1145 1108 captus,

189 1130 342 1215 illucque
369 1132 549 1208 deductus,
567 1129 782 1214 judicialiter
803 1136 856 1193 est
886 1127 1145 1192 condemnatus.

190 1228 376 1296 Profectus
405 1232 527 1295 deiude
557 1250 620 1294 rex
652 1230 688 1293 in
718 1228 885 1302 Scotiam,
917 1228 1077 1292 omnibus
1108 1225 1144 1288 in

189 1348 338 1413 regnum
364 1329 492 1396 Scotiae
513 1330 574 1414 jus
605 1328 862 1394 vindicantibus
897 1326 1073 1409 imposuit,
1106 1334 1145 1388 ut

191 1430 229 1493 in
259 1430 348 1496 festo
380 1430 416 1496 S.
447 1430 596 1495 Joannis
630 1429 804 1511 Baptistae
838 1426 996 1509 proximo
1027 1425 1145 1489 futuro

191 1548 312 1593 coram
326 1550 365 1595 se
384 1537 635 1613 comparerent,
658 1536 780 1611 etque
800 1527 881 1611 jure
901 1545 1045 1609 regnum
1061 1523 1145 1588 illud

193 1629 418 1697 vindicabant
443 1630 580 1714 plenius
602 1629 830 1693 declararent.

226 1839 251 1877 D.
264 1840 291 1878 Ι.
301 1840 322 1877 J·
332 1840 357 1878 0·
455 1842 477 1879 Ρ.
490 1842 653 1878 sommendat
667 1843 691 1878 ll.
783 1840 935 1876 'RANOORUM
979 1841 1116 1876 suetonum

235 1926 351 1965 mort.
415 1927 515 1963 urceum
526 1927 560 1964 rr.
625 1926 734 1962 areum
788 1928 942 1965 rarurmrv.
980 1928 1098 1963 courum
1109 1928 1128 1964 1.

660 1988 703 2033 20.
867 2020 874 2034 .
1033 1989 1074 2034 2⁰.

248 2124 441 2190 Nicotaus
462 2143 555 2209 papa
569 2132 715 2207 quartus
731 2124 820 2187 viam
844 2125 1015 2189 universae
1035 2126 1149 2189 carnis
1162 2143 1236 2182 uam

196 2227 377 2307 ingressus
404 2233 470 2302 est,
492 2224 551 2307 qui
567 2224 685 2307 paullo
703 2232 785 2288 ante
808 2243 924 2306 regem
944 2223 1084 2307 Anglire
1104 2225 1148 2288 ad
1161 2199 1242 2233 ’Μ’

196 2324 467 2408 recuperandum
495 2323 638 2387 Terram
662 2323 825 2388 Sanctam
848 2324 1013 2400 invitans,
1028 2324 1149 2388 ducem

196 2431 236 2489 et
256 2423 474 2508 capitaneum
498 2423 649 2487 omnium
666 2424 846 2488 constituit
863 2423 1148 2488 Christianorum.

200 2522 291 2589 Post
310 2522 448 2588 Pascha
473 2523 557 2587 anni
579 2522 734 2606 ejusdem
756 2524 792 2587 in
819 2523 970 2588 statione
997 2524 1149 2599 navium,

198 2642 281 2707 quae
302 2623 393 2687 solet
407 2641 482 2687 esse
497 2622 590 2705 apud
608 2621 774 2686 Sanctum
792 2623 1000 2688 Matthaeum
1018 2624 1052 2687 in
1074 2624 1150 2686 Bri·

200 2723 334 2800 tannia,
356 2724 499 2787 suborta
525 2730 579 2785 est
606 2722 697 2786 inter
721 2731 847 2787 nautas
874 2724 1085 2788 Baionenses
1115 2732 1151 2786 et

203 2822 426 2888 Normannos
464 2821 648 2897 discordia,
694 2832 942 2905 coeperuntque
982 2843 1021 2886 se
1058 2830 1150 2886 terra

200 2922 358 3006 marique
386 2928 506 2986 mutuo
533 2922 760 3003 impugnare:
801 2923 1042 3005 roboratisque
1071 2942 1149 3005 per-

202 3024 297 3087 tibus
313 3022 423 3086 crevit
440 3020 576 3097 seditio,
600 3021 682 3085 dum
699 3022 952 3086 Baionensibus
973 3021 1151 3085 adhaerent

203 3119 364 3203 Anglici;
406 3119 619 3185 Normannis
658 3140 742 3184 vero
786 3130 902 3185 nautae
936 3123 1052 3197 ceteri,
1092 3122 1150 3203 qui

201 3229 303 3285 erant
328 3221 371 3285 de
393 3220 524 3285 ditione
552 3220 644 3301 regis
676 3220 900 3284 Francorum.
952 3220 1152 3283 Onerantur

198 3321 274 3406 jam
295 3340 403 3385 naves
427 3319 507 3384 hinc
534 3319 614 3384 inde
634 3339 704 3383 non
729 3326 865 3384 tantum
887 3319 1069 3394 mercibus,
1091 3318 1150 3381 sed

203 3420 321 3497 armis,
348 3427 477 3504 etque
494 3419 606 3501 magis
629 3413 726 3483 ¹aura
749 3418 917 3500 placidior
939 3416 1152 3482 defervesce-

204 3521 279 3597 bat,
311 3527 423 3585 strato
449 3538 588 3603 aequore
618 3519 733 3594 maris,
774 3526 873 3581 tanto
907 3517 1153 3600 periculosiora

202 3619 427 3684 incurrebant
452 3618 647 3699 naufragia,
677 3638 747 3681 non
773 3619 932 3682 cautibus
954 3617 1067 3693 illium,
1092 3617 1152 3682 sed

204 3725 417 3803 expugnatae
449 3718 618 3782 violenter
650 3719 693 3781 ab
726 3717 835 3781 hoste.
911 3717 1062 3782 Moritur
1091 3738 1153 3782 rex
1167 3726 1319 3770 Theruwl

1168 3781 1252 3819 Nassau
1260 3777 1278 3816 la

204 3817 445 3882 Romanorum
468 3816 686 3899 Radulpbus,
720 3817 756 3881 in
790 3816 890 3901 cujus
921 3837 1154 3882 successorem
1168 3828 1296 3925 mmo

203 3918 336 3983 electus
369 3925 424 3982 est
456 3916 608 3982 Adultus
636 3936 752 3980 comes
774 3916 817 3979 de
842 3915 994 3993 Naasso,
1018 3926 1054 3980 et
1081 3917 1156 3979 sine
1169 3930 1317 4024 mmm

204 4016 480 4082 contradictione
509 4016 545 4080 in
573 4036 687 4097 regem
719 4013 934 4079 Alamanniae
957 4016 1157 4079 solemniter

241 4194 350 4245 '‘aura
372 4195 454 4258 magis
475 4193 614 4256 placidiore
641 4191 838 4250 defervescebat,
861 4195 939 4240 strato
969 4203 1079 4251 aequore,
1107 4203 1159 4238 ma·

205 4260 364 4325 ῐίιίηςἬ.
980 4332 1030 4377 Η
