<?xml version="1.0" encoding="UTF-8"?>
<!DOCTYPE html PUBLIC "-//W3C//DTD XHTML 1.0 Transitional//EN"
    "http://www.w3.org/TR/xhtml1/DTD/xhtml1-transitional.dtd">
<html xmlns="http://www.w3.org/1999/xhtml" xml:lang="en" lang="en">
 <head>
  <title>
</title>
<meta http-equiv="Content-Type" content="text/html;charset=utf-8" />
  <meta name='ocr-system' content='tesseract 3.04.00' />
  <meta name='ocr-capabilities' content='ocr_page ocr_carea ocr_par ocr_line ocrx_word'/>
</head>
<body>
  <div class='ocr_page' id='page_1' title='image "./fnicholaitrivet00trivgoog/fnicholaitrivet00trivgoog_0235.png"; bbox 0 0 2940 4950; ppageno 0'>
   <div class='ocr_carea' id='block_1_1' title="bbox 215 640 288 680">
    <p class='ocr_par' dir='ltr' id='par_1_1' title="bbox 215 640 288 680">
     <span class='ocr_line' id='line_1_1' title="bbox 215 640 288 680; baseline 0 0"><span class='ocrx_word' id='word_1_1' title='bbox 215 640 288 680; x_wconf 70' lang='lat' dir='ltr'><strong>uum</strong></span> 
     </span>
    </p>
   </div>
   <div class='ocr_carea' id='block_1_2' title="bbox 375 445 975 509">
    <p class='ocr_par' dir='ltr' id='par_1_2' title="bbox 375 445 975 509">
     <span class='ocr_line' id='line_1_2' title="bbox 375 445 975 509; baseline -0.005 0"><span class='ocrx_word' id='word_1_2' title='bbox 375 445 441 509; x_wconf 72' lang='lat'><strong>202</strong></span> <span class='ocrx_word' id='word_1_3' title='bbox 730 460 803 508; x_wconf 82' lang='lat' dir='ltr'><strong>roo</strong></span> <span class='ocrx_word' id='word_1_4' title='bbox 827 460 975 508; x_wconf 78' lang='lat' dir='ltr'><strong>rarvnrr</strong></span> 
     </span>
    </p>
   </div>
   <div class='ocr_carea' id='block_1_3' title="bbox 375 617 1332 1296">
    <p class='ocr_par' dir='ltr' id='par_1_3' title="bbox 375 617 1332 1296">
     <span class='ocr_line' id='line_1_3' title="bbox 377 617 1332 701; baseline -0.002 -19"><span class='ocrx_word' id='word_1_5' title='bbox 377 618 547 697; x_wconf 83' lang='lat' dir='ltr'><strong>Quicum</strong></span> <span class='ocrx_word' id='word_1_6' title='bbox 572 617 594 682; x_wconf 86' lang='lat' dir='ltr'><strong>J</strong></span> <span class='ocrx_word' id='word_1_7' title='bbox 598 638 710 682; x_wconf 89' lang='lat' dir='ltr'><strong>oanne</strong></span> <span class='ocrx_word' id='word_1_8' title='bbox 727 618 771 682; x_wconf 86' lang='lat' dir='ltr'><strong>de</strong></span> <span class='ocrx_word' id='word_1_9' title='bbox 793 617 976 695; x_wconf 75' lang='lat' dir='ltr'><strong>Columna,</strong></span> <span class='ocrx_word' id='word_1_10' title='bbox 996 619 1197 701; x_wconf 87' lang='lat' dir='ltr'><strong>presbytero</strong></span> <span class='ocrx_word' id='word_1_11' title='bbox 1220 618 1332 683; x_wconf 89' lang='lat' dir='ltr'><strong>cardi-</strong></span> 
     </span>
     <span class='ocr_line' id='line_1_4' title="bbox 376 716 1330 794; baseline -0.002 -12"><span class='ocrx_word' id='word_1_12' title='bbox 376 718 490 794; x_wconf 88' lang='lat' dir='ltr'><strong>nali,&#39;</strong></span> <span class='ocrx_word' id='word_1_13' title='bbox 480 738 516 781; x_wconf 83' lang='lat' dir='ltr'><strong>ru</strong></span> <span class='ocrx_word' id='word_1_14' title='bbox 542 716 715 783; x_wconf 85' lang='lat' dir='ltr'><strong>Graeciam</strong></span> <span class='ocrx_word' id='word_1_15' title='bbox 743 718 983 794; x_wconf 85' lang='lat' dir='ltr'><strong>transfretans,</strong></span> <span class='ocrx_word' id='word_1_16' title='bbox 1008 717 1222 782; x_wconf 89' lang='lat' dir='ltr'><strong>Durachium</strong></span> <span class='ocrx_word' id='word_1_17' title='bbox 1245 718 1330 780; x_wconf 90' lang='lat' dir='ltr'><strong>civi-</strong></span> 
     </span>
     <span class='ocr_line' id='line_1_5' title="bbox 375 816 1329 900; baseline -0.002 -18"><span class='ocrx_word' id='word_1_18' title='bbox 375 825 483 883; x_wconf 87' lang='lat' dir='ltr'><strong>tatem</strong></span> <span class='ocrx_word' id='word_1_19' title='bbox 500 818 656 895; x_wconf 81' lang='lat' dir='ltr'><strong>obsedit3</strong></span> <span class='ocrx_word' id='word_1_20' title='bbox 680 816 741 880; x_wconf 85' lang='lat' dir='ltr'><strong>sed</strong></span> <span class='ocrx_word' id='word_1_21' title='bbox 759 824 839 900; x_wconf 87' lang='lat' dir='ltr'><strong>post</strong></span> <span class='ocrx_word' id='word_1_22' title='bbox 862 836 931 880; x_wconf 92' lang='lat' dir='ltr'><strong>non</strong></span> <span class='ocrx_word' id='word_1_23' title='bbox 950 818 1173 882; x_wconf 84' lang='lat' dir='ltr'><strong>multosdies</strong></span> <span class='ocrx_word' id='word_1_24' title='bbox 1196 836 1218 880; x_wconf 90' lang='lat' dir='ltr'><strong>a</strong></span> <span class='ocrx_word' id='word_1_25' title='bbox 1241 816 1329 880; x_wconf 88' lang='lat' dir='ltr'><strong>duce</strong></span> 
     </span>
     <span class='ocr_line' id='line_1_6' title="bbox 376 914 1329 1000; baseline -0.002 -19"><span class='ocrx_word' id='word_1_26' title='bbox 376 917 452 1000; x_wconf 85' lang='lat' dir='ltr'><strong>ejus</strong></span> <span class='ocrx_word' id='word_1_27' title='bbox 481 917 576 981; x_wconf 87' lang='lat' dir='ltr'><strong>urbis</strong></span> <span class='ocrx_word' id='word_1_28' title='bbox 607 914 790 979; x_wconf 86' lang='lat' dir='ltr'><strong>Theodoro</strong></span> <span class='ocrx_word' id='word_1_29' title='bbox 818 916 1027 997; x_wconf 87' lang='lat' dir='ltr'><strong>captivatur.</strong></span> <span class='ocrx_word' id='word_1_30' title='bbox 1080 915 1213 980; x_wconf 90' lang='lat' dir='ltr'><strong>Eodem</strong></span> <span class='ocrx_word' id='word_1_31' title='bbox 1236 935 1329 979; x_wconf 89' lang='lat' dir='ltr'><strong>anno</strong></span> 
     </span>
     <span class='ocr_line' id='line_1_7' title="bbox 375 1014 1331 1097; baseline -0.001 -18"><span class='ocrx_word' id='word_1_32' title='bbox 375 1016 633 1097; x_wconf 77' lang='lat' dir='ltr'>insurgentibus</span> <span class='ocrx_word' id='word_1_33' title='bbox 649 1014 857 1079; x_wconf 88' lang='lat' dir='ltr'><strong>Tholosauis</strong></span> <span class='ocrx_word' id='word_1_34' title='bbox 871 1022 993 1079; x_wconf 87' lang='lat' dir='ltr'><strong>contra</strong></span> <span class='ocrx_word' id='word_1_35' title='bbox 1008 1016 1167 1080; x_wconf 88' lang='lat' dir='ltr'><strong>comitem</strong></span> <span class='ocrx_word' id='word_1_36' title='bbox 1184 1014 1331 1079; x_wconf 85' lang='lat' dir='ltr'><strong>Montis·</strong></span> 
     </span>
     <span class='ocr_line' id='line_1_8' title="bbox 375 1113 1329 1196; baseline -0.001 -18"><span class='ocrx_word' id='word_1_37' title='bbox 375 1115 487 1191; x_wconf 87' lang='lat' dir='ltr'><strong>sortis,</strong></span> <span class='ocrx_word' id='word_1_38' title='bbox 516 1117 638 1179; x_wconf 86' lang='lat' dir='ltr'><strong>beatus</strong></span> <span class='ocrx_word' id='word_1_39' title='bbox 665 1114 881 1191; x_wconf 86' lang='lat' dir='ltr'><strong>Dominicus,</strong></span> <span class='ocrx_word' id='word_1_40' title='bbox 907 1113 1018 1178; x_wconf 90' lang='lat' dir='ltr'><strong>electo</strong></span> <span class='ocrx_word' id='word_1_41' title='bbox 1048 1115 1154 1178; x_wconf 85' lang='lat' dir='ltr'><strong>sratra</strong></span> <span class='ocrx_word' id='word_1_42' title='bbox 1179 1113 1329 1196; x_wconf 91' lang='lat' dir='ltr'><strong>quodam</strong></span> 
     </span>
     <span class='ocr_line' id='line_1_9' title="bbox 376 1212 1329 1296; baseline -0.003 -18"><span class='ocrx_word' id='word_1_43' title='bbox 376 1215 513 1278; x_wconf 90' lang='lat' dir='ltr'><strong>nomina</strong></span> <span class='ocrx_word' id='word_1_44' title='bbox 536 1214 707 1278; x_wconf 84' lang='lat' dir='ltr'><strong>Matthaeo</strong></span> <span class='ocrx_word' id='word_1_45' title='bbox 728 1213 763 1276; x_wconf 91' lang='lat' dir='ltr'><strong>in</strong></span> <span class='ocrx_word' id='word_1_46' title='bbox 783 1213 956 1290; x_wconf 76' lang='lat' dir='ltr'><strong>abbatem,</strong></span> <span class='ocrx_word' id='word_1_47' title='bbox 972 1215 1033 1296; x_wconf 90' lang='lat' dir='ltr'><strong>qui</strong></span> <span class='ocrx_word' id='word_1_48' title='bbox 1050 1214 1181 1296; x_wconf 88' lang='lat' dir='ltr'><strong>primus</strong></span> <span class='ocrx_word' id='word_1_49' title='bbox 1194 1221 1232 1277; x_wconf 88' lang='lat' dir='ltr'><strong>et</strong></span> <span class='ocrx_word' id='word_1_50' title='bbox 1248 1212 1329 1276; x_wconf 91' lang='lat' dir='ltr'><strong>ulti-</strong></span> 
     </span>
    </p>
   </div>
   <div class='ocr_carea' id='block_1_4' title="bbox 278 1309 1329 1395">
    <p class='ocr_par' dir='ltr' id='par_1_4' title="bbox 278 1309 1329 1395">
     <span class='ocr_line' id='line_1_10' title="bbox 278 1309 1329 1395; baseline -0.001 -19"><span class='ocrx_word' id='word_1_51' title='bbox 278 1309 281 1323; x_wconf 86' lang='lat'>&#39;</span> <span class='ocrx_word' id='word_1_52' title='bbox 377 1333 453 1377; x_wconf 88' lang='lat' dir='ltr'><strong>mus</strong></span> <span class='ocrx_word' id='word_1_53' title='bbox 479 1312 544 1378; x_wconf 82' lang='lat' dir='ltr'><strong>fuit</strong></span> <span class='ocrx_word' id='word_1_54' title='bbox 570 1314 605 1376; x_wconf 89' lang='lat' dir='ltr'><strong>in</strong></span> <span class='ocrx_word' id='word_1_55' title='bbox 636 1312 768 1389; x_wconf 88' lang='lat' dir='ltr'><strong>ordine,</strong></span> <span class='ocrx_word' id='word_1_56' title='bbox 796 1312 921 1377; x_wconf 84' lang='lat' dir='ltr'><strong>fratres</strong></span> <span class='ocrx_word' id='word_1_57' title='bbox 945 1312 1128 1395; x_wconf 79' lang='lat' dir='ltr'><strong>dispersit3</strong></span> <span class='ocrx_word' id='word_1_58' title='bbox 1160 1311 1329 1394; x_wconf 86' lang='lat' dir='ltr'><strong>quosdam</strong></span> 
     </span>
    </p>
   </div>
   <div class='ocr_carea' id='block_1_5' title="bbox 375 1410 1328 1495">
    <p class='ocr_par' dir='ltr' id='par_1_5' title="bbox 375 1410 1328 1495">
     <span class='ocr_line' id='line_1_11' title="bbox 375 1410 1328 1495; baseline 0 -20"><span class='ocrx_word' id='word_1_59' title='bbox 375 1413 515 1477; x_wconf 86' lang='lat' dir='ltr'><strong>mittens</strong></span> <span class='ocrx_word' id='word_1_60' title='bbox 538 1413 573 1475; x_wconf 91' lang='lat' dir='ltr'><strong>in</strong></span> <span class='ocrx_word' id='word_1_61' title='bbox 605 1411 827 1495; x_wconf 75' lang='lat' dir='ltr'><strong>Hispaniam,</strong></span> <span class='ocrx_word' id='word_1_62' title='bbox 856 1411 1036 1494; x_wconf 86' lang='lat' dir='ltr'><strong>quosdam·</strong></span> <span class='ocrx_word' id='word_1_63' title='bbox 1049 1431 1130 1477; x_wconf 87' lang='lat' dir='ltr'><strong>vero</strong></span> <span class='ocrx_word' id='word_1_64' title='bbox 1161 1410 1328 1475; x_wconf 78' lang='lat' dir='ltr'><strong>Parisios</strong></span> 
     </span>
    </p>
   </div>
   <div class='ocr_carea' id='block_1_6' title="bbox 215 1510 1331 1595">
    <p class='ocr_par' dir='ltr' id='par_1_6' title="bbox 215 1510 1331 1595">
     <span class='ocr_line' id='line_1_12' title="bbox 215 1510 1331 1595; baseline 0.001 -22"><span class='ocrx_word' id='word_1_65' title='bbox 215 1534 281 1574; x_wconf 74' lang='lat' dir='ltr'><strong>no.</strong></span> <span class='ocrx_word' id='word_1_66' title='bbox 282 1533 312 1573; x_wconf 89' lang='lat'>1</span> <span class='ocrx_word' id='word_1_67' title='bbox 321 1533 346 1573; x_wconf 75' lang='lat' dir='ltr'><strong>or</strong></span> <span class='ocrx_word' id='word_1_68' title='bbox 377 1511 459 1595; x_wconf 90' lang='lat' dir='ltr'><strong>Ipsa</strong></span> <span class='ocrx_word' id='word_1_69' title='bbox 474 1519 590 1576; x_wconf 89' lang='lat' dir='ltr'><strong>autem</strong></span> <span class='ocrx_word' id='word_1_70' title='bbox 607 1511 756 1575; x_wconf 88' lang='lat' dir='ltr'><strong>Romam</strong></span> <span class='ocrx_word' id='word_1_71' title='bbox 770 1511 901 1586; x_wconf 90' lang='lat' dir='ltr'><strong>adiens,</strong></span> <span class='ocrx_word' id='word_1_72' title='bbox 913 1511 1053 1575; x_wconf 91' lang='lat' dir='ltr'><strong>domum</strong></span> <span class='ocrx_word' id='word_1_73' title='bbox 1066 1529 1224 1575; x_wconf 85' lang='lat' dir='ltr'><strong>sororum</strong></span> <span class='ocrx_word' id='word_1_74' title='bbox 1236 1510 1331 1593; x_wconf 87' lang='lat' dir='ltr'><strong>apud</strong></span> 
     </span>
    </p>
   </div>
   <div class='ocr_carea' id='block_1_7' title="bbox 213 1583 357 1624">
    <p class='ocr_par' dir='ltr' id='par_1_7' title="bbox 213 1583 357 1624">
     <span class='ocr_line' id='line_1_13' title="bbox 213 1583 357 1624; baseline 0 0"><span class='ocrx_word' id='word_1_75' title='bbox 213 1585 244 1624; x_wconf 73' lang='lat' dir='ltr'><strong>Et.</strong></span> <span class='ocrx_word' id='word_1_76' title='bbox 252 1583 357 1624; x_wconf 70' lang='lat' dir='ltr'><strong>nummio.</strong></span> 
     </span>
    </p>
   </div>
   <div class='ocr_carea' id='block_1_8' title="bbox 375 1609 1421 3475">
    <p class='ocr_par' dir='ltr' id='par_1_8' title="bbox 375 1609 1421 3475">
     <span class='ocr_line' id='line_1_14' title="bbox 375 1609 1330 1686; baseline -0.001 -12"><span class='ocrx_word' id='word_1_77' title='bbox 375 1619 532 1675; x_wconf 89' lang='lat' dir='ltr'><strong>sanctum</strong></span> <span class='ocrx_word' id='word_1_78' title='bbox 557 1610 694 1674; x_wconf 83' lang='lat' dir='ltr'><strong>Sixtum</strong></span> <span class='ocrx_word' id='word_1_79' title='bbox 717 1609 882 1686; x_wconf 86' lang='lat' dir='ltr'><strong>instituit,</strong></span> <span class='ocrx_word' id='word_1_80' title='bbox 901 1610 960 1673; x_wconf 89' lang='lat' dir='ltr'><strong>ubi</strong></span> <span class='ocrx_word' id='word_1_81' title='bbox 983 1611 1064 1674; x_wconf 89' lang='lat' dir='ltr'><strong>dum</strong></span> <span class='ocrx_word' id='word_1_82' title='bbox 1081 1628 1214 1674; x_wconf 87' lang='lat' dir='ltr'><strong>moram</strong></span> <span class='ocrx_word' id='word_1_83' title='bbox 1237 1609 1330 1674; x_wconf 83' lang='lat' dir='ltr'><strong>face·</strong></span> 
     </span>
     <span class='ocr_line' id='line_1_15' title="bbox 376 1707 1331 1793; baseline -0.001 -21"><span class='ocrx_word' id='word_1_84' title='bbox 376 1718 441 1786; x_wconf 84' lang='lat' dir='ltr'><strong>rat,</strong></span> <span class='ocrx_word' id='word_1_85' title='bbox 469 1717 630 1792; x_wconf 86' lang='lat' dir='ltr'><strong>nepotem</strong></span> <span class='ocrx_word' id='word_1_86' title='bbox 656 1709 834 1793; x_wconf 91' lang='lat' dir='ltr'><strong>cujusdam</strong></span> <span class='ocrx_word' id='word_1_87' title='bbox 861 1707 1046 1773; x_wconf 83' lang='lat' dir='ltr'><strong>cardinalis</strong></span> <span class='ocrx_word' id='word_1_88' title='bbox 1070 1728 1160 1792; x_wconf 82' lang='lat' dir='ltr'><strong>equo</strong></span> <span class='ocrx_word' id='word_1_89' title='bbox 1182 1709 1331 1792; x_wconf 87' lang='lat' dir='ltr'><strong>lapsum,</strong></span> 
     </span>
     <span class='ocr_line' id='line_1_16' title="bbox 376 1807 1330 1891; baseline -0.001 -20"><span class='ocrx_word' id='word_1_90' title='bbox 376 1808 575 1891; x_wconf 82' lang='lat' dir='ltr'><strong>factumque</strong></span> <span class='ocrx_word' id='word_1_91' title='bbox 592 1810 785 1872; x_wconf 85' lang='lat' dir='ltr'><strong>exanimem</strong></span> <span class='ocrx_word' id='word_1_92' title='bbox 801 1808 883 1872; x_wconf 85' lang='lat' dir='ltr'><strong>vitae</strong></span> <span class='ocrx_word' id='word_1_93' title='bbox 900 1808 1072 1873; x_wconf 79' lang='lat' dir='ltr'><strong>restituit:</strong></span> <span class='ocrx_word' id='word_1_94' title='bbox 1103 1807 1330 1873; x_wconf 83' lang='lat' dir='ltr'><strong>architectum</strong></span> 
     </span>
     <span class='ocr_line' id='line_1_17' title="bbox 376 1906 1333 1991; baseline -0.002 -20"><span class='ocrx_word' id='word_1_95' title='bbox 376 1908 546 1990; x_wconf 91' lang='lat' dir='ltr'><strong>quendam</strong></span> <span class='ocrx_word' id='word_1_96' title='bbox 567 1907 683 1984; x_wconf 91' lang='lat' dir='ltr'><strong>etiam,</strong></span> <span class='ocrx_word' id='word_1_97' title='bbox 706 1906 960 1991; x_wconf 75' lang='lat' dir='ltr'><strong>precipitatum</strong></span> <span class='ocrx_word' id='word_1_98' title='bbox 982 1907 1027 1971; x_wconf 93' lang='lat' dir='ltr'><strong>ad</strong></span> <span class='ocrx_word' id='word_1_99' title='bbox 1048 1914 1206 1984; x_wconf 88' lang='lat' dir='ltr'><strong>mortem,</strong></span> <span class='ocrx_word' id='word_1_100' title='bbox 1229 1906 1333 1970; x_wconf 87' lang='lat' dir='ltr'><strong>mira·</strong></span> 
     </span>
     <span class='ocr_line' id='line_1_18' title="bbox 377 2005 1331 2072; baseline -0.002 -1"><span class='ocrx_word' id='word_1_101' title='bbox 377 2007 492 2071; x_wconf 89' lang='lat' dir='ltr'><strong>biliter</strong></span> <span class='ocrx_word' id='word_1_102' title='bbox 509 2007 701 2070; x_wconf 83' lang='lat' dir='ltr'><strong>suscitavit.</strong></span> <span class='ocrx_word' id='word_1_103' title='bbox 749 2007 825 2070; x_wconf 91' lang='lat' dir='ltr'><strong>Illis</strong></span> <span class='ocrx_word' id='word_1_104' title='bbox 840 2005 960 2071; x_wconf 85' lang='lat' dir='ltr'><strong>diebus</strong></span> <span class='ocrx_word' id='word_1_105' title='bbox 975 2007 1220 2072; x_wconf 88' lang='lat' dir='ltr'><strong>morabaturin</strong></span> <span class='ocrx_word' id='word_1_106' title='bbox 1233 2005 1331 2070; x_wconf 89' lang='lat' dir='ltr'><strong>curia</strong></span> 
     </span>
     <span class='ocr_line' id='line_1_19' title="bbox 377 2104 1329 2188; baseline -0.001 -20"><span class='ocrx_word' id='word_1_107' title='bbox 377 2107 543 2188; x_wconf 85' lang='lat' dir='ltr'><strong>magister</strong></span> <span class='ocrx_word' id='word_1_108' title='bbox 583 2105 810 2186; x_wconf 81' lang='lat' dir='ltr'><strong>Reginaldus,</strong></span> <span class='ocrx_word' id='word_1_109' title='bbox 853 2106 1005 2170; x_wconf 88' lang='lat' dir='ltr'><strong>decanus</strong></span> <span class='ocrx_word' id='word_1_110' title='bbox 1047 2106 1160 2170; x_wconf 89' lang='lat' dir='ltr'><strong>sancti</strong></span> <span class='ocrx_word' id='word_1_111' title='bbox 1198 2104 1329 2170; x_wconf 83' lang='lat' dir='ltr'><strong>Auiani</strong></span> 
     </span>
     <span class='ocr_line' id='line_1_20' title="bbox 376 2203 1330 2287; baseline -0.003 -17"><span class='ocrx_word' id='word_1_112' title='bbox 376 2204 649 2281; x_wconf 83' lang='lat' dir='ltr'><strong>Aurelianensis,</strong></span> <span class='ocrx_word' id='word_1_113' title='bbox 675 2204 797 2269; x_wconf 87' lang='lat' dir='ltr'><strong>doctor</strong></span> <span class='ocrx_word' id='word_1_114' title='bbox 825 2204 916 2287; x_wconf 89' lang='lat' dir='ltr'><strong>juris</strong></span> <span class='ocrx_word' id='word_1_115' title='bbox 945 2205 1114 2281; x_wconf 88' lang='lat' dir='ltr'><strong>canonici,</strong></span> <span class='ocrx_word' id='word_1_116' title='bbox 1143 2203 1203 2286; x_wconf 91' lang='lat' dir='ltr'><strong>qui</strong></span> <span class='ocrx_word' id='word_1_117' title='bbox 1226 2205 1330 2268; x_wconf 86' lang='lat' dir='ltr'><strong>beato</strong></span> 
     </span>
     <span class='ocr_line' id='line_1_21' title="bbox 376 2297 1331 2385; baseline -0.003 -17"><span class='ocrx_word' id='word_1_118' title='bbox 376 2304 560 2370; x_wconf 89' lang='lat' dir='ltr'><strong>Dominico</strong></span> <span class='ocrx_word' id='word_1_119' title='bbox 576 2303 760 2368; x_wconf 80' lang='lat' dir='ltr'><strong>admodum</strong></span> <span class='ocrx_word' id='word_1_120' title='bbox 773 2297 976 2380; x_wconf 86' lang='lat' dir='ltr'><strong>¹familiaris,</strong></span> <span class='ocrx_word' id='word_1_121' title='bbox 992 2305 1185 2385; x_wconf 81' lang='lat' dir='ltr'><strong>ingressum</strong></span> <span class='ocrx_word' id='word_1_122' title='bbox 1200 2302 1331 2368; x_wconf 86' lang='lat' dir='ltr'><strong>ordinis</strong></span> 
     </span>
     <span class='ocr_line' id='line_1_22' title="bbox 377 2401 1330 2482; baseline -0.003 -14"><span class='ocrx_word' id='word_1_123' title='bbox 377 2404 596 2469; x_wconf 85' lang='lat' dir='ltr'><strong>vehementer</strong></span> <span class='ocrx_word' id='word_1_124' title='bbox 613 2403 761 2467; x_wconf 87' lang='lat' dir='ltr'><strong>babebat</strong></span> <span class='ocrx_word' id='word_1_125' title='bbox 775 2403 810 2466; x_wconf 91' lang='lat' dir='ltr'><strong>in</strong></span> <span class='ocrx_word' id='word_1_126' title='bbox 828 2409 932 2482; x_wconf 88' lang='lat' dir='ltr'><strong>voto;</strong></span> <span class='ocrx_word' id='word_1_127' title='bbox 959 2402 1019 2466; x_wconf 86' lang='lat' dir='ltr'><strong>sed</strong></span> <span class='ocrx_word' id='word_1_128' title='bbox 1035 2401 1268 2467; x_wconf 79' lang='lat' dir='ltr'><strong>intercedente</strong></span> <span class='ocrx_word' id='word_1_129' title='bbox 1284 2420 1330 2465; x_wconf 86' lang='lat' dir='ltr'><strong>ex</strong></span> 
     </span>
     <span class='ocr_line' id='line_1_23' title="bbox 377 2494 1331 2583; baseline -0.003 -16"><span class='ocrx_word' id='word_1_130' title='bbox 377 2504 493 2567; x_wconf 89' lang='lat' dir='ltr'><strong>causis</strong></span> <span class='ocrx_word' id='word_1_131' title='bbox 525 2502 703 2577; x_wconf 87' lang='lat' dir='ltr'><strong>dilatione,</strong></span> <span class='ocrx_word' id='word_1_132' title='bbox 736 2511 808 2567; x_wconf 89' lang='lat' dir='ltr'><strong>tam</strong></span> <span class='ocrx_word' id='word_1_133' title='bbox 834 2501 934 2583; x_wconf 76' lang='lat' dir='ltr'><strong>gravi</strong></span> <span class='ocrx_word' id='word_1_134' title='bbox 958 2494 1119 2565; x_wconf 77' lang='lat' dir='ltr'><strong>&#39;febrium</strong></span> <span class='ocrx_word' id='word_1_135' title='bbox 1145 2501 1331 2565; x_wconf 85' lang='lat' dir='ltr'><strong>vexatione</strong></span> 
     </span>
     <span class='ocr_line' id='line_1_24' title="bbox 376 2601 1330 2687; baseline -0.002 -21"><span class='ocrx_word' id='word_1_136' title='bbox 376 2611 556 2684; x_wconf 89' lang='lat' dir='ltr'><strong>correptus</strong></span> <span class='ocrx_word' id='word_1_137' title='bbox 582 2609 649 2676; x_wconf 85' lang='lat' dir='ltr'><strong>est,</strong></span> <span class='ocrx_word' id='word_1_138' title='bbox 676 2607 716 2664; x_wconf 91' lang='lat' dir='ltr'><strong>ut</strong></span> <span class='ocrx_word' id='word_1_139' title='bbox 746 2601 979 2665; x_wconf 88' lang='lat' dir='ltr'><strong>invalescente</strong></span> <span class='ocrx_word' id='word_1_140' title='bbox 1008 2602 1134 2687; x_wconf 30' lang='lat' dir='ltr'><strong>morbo,</strong></span> <span class='ocrx_word' id='word_1_141' title='bbox 1160 2601 1330 2682; x_wconf 82' lang='lat' dir='ltr'><strong>relinque·</strong></span> 
     </span>
     <span class='ocr_line' id='line_1_25' title="bbox 377 2697 1331 2781; baseline 0.002 -19"><span class='ocrx_word' id='word_1_142' title='bbox 377 2709 507 2764; x_wconf 87' lang='lat' dir='ltr'><strong>retura</strong></span> <span class='ocrx_word' id='word_1_143' title='bbox 525 2699 664 2762; x_wconf 89' lang='lat' dir='ltr'><strong>medicis</strong></span> <span class='ocrx_word' id='word_1_144' title='bbox 689 2700 826 2781; x_wconf 86' lang='lat' dir='ltr'><strong>penitus</strong></span> <span class='ocrx_word' id='word_1_145' title='bbox 847 2699 1061 2781; x_wconf 84' lang='lat' dir='ltr'><strong>desperatus.</strong></span> <span class='ocrx_word' id='word_1_146' title='bbox 1113 2697 1196 2777; x_wconf 87' lang='lat' dir='ltr'><strong>Qui,</strong></span> <span class='ocrx_word' id='word_1_147' title='bbox 1211 2706 1331 2764; x_wconf 86' lang='lat' dir='ltr'><strong>orante</strong></span> 
     </span>
     <span class='ocr_line' id='line_1_26' title="bbox 377 2798 1330 2880; baseline 0 -19"><span class='ocrx_word' id='word_1_148' title='bbox 377 2818 440 2880; x_wconf 89' lang='lat' dir='ltr'><strong>pro</strong></span> <span class='ocrx_word' id='word_1_149' title='bbox 463 2818 504 2861; x_wconf 89' lang='lat' dir='ltr'><strong>eo</strong></span> <span class='ocrx_word' id='word_1_150' title='bbox 526 2800 628 2862; x_wconf 86' lang='lat' dir='ltr'><strong>beato</strong></span> <span class='ocrx_word' id='word_1_151' title='bbox 652 2798 848 2875; x_wconf 90' lang='lat' dir='ltr'><strong>Dominico,</strong></span> <span class='ocrx_word' id='word_1_152' title='bbox 872 2798 961 2863; x_wconf 86' lang='lat' dir='ltr'><strong>vidit</strong></span> <span class='ocrx_word' id='word_1_153' title='bbox 976 2799 1162 2880; x_wconf 80' lang='lat' dir='ltr'><strong>gloriosam</strong></span> <span class='ocrx_word' id='word_1_154' title='bbox 1186 2806 1330 2862; x_wconf 86' lang='lat' dir='ltr'><strong>matrem</strong></span> 
     </span>
     <span class='ocr_line' id='line_1_27' title="bbox 378 2897 1330 2974; baseline -0.001 -14"><span class='ocrx_word' id='word_1_155' title='bbox 378 2898 448 2960; x_wconf 81' lang='lat' dir='ltr'><strong>Dur</strong></span> <span class='ocrx_word' id='word_1_156' title='bbox 472 2898 515 2960; x_wconf 87' lang='lat' dir='ltr'><strong>ad</strong></span> <span class='ocrx_word' id='word_1_157' title='bbox 536 2916 574 2961; x_wconf 88' lang='lat' dir='ltr'><strong>sa</strong></span> <span class='ocrx_word' id='word_1_158' title='bbox 591 2897 720 2974; x_wconf 88' lang='lat' dir='ltr'><strong>venire,</strong></span> <span class='ocrx_word' id='word_1_159' title='bbox 740 2898 984 2961; x_wconf 88' lang='lat' dir='ltr'><strong>comitantibus</strong></span> <span class='ocrx_word' id='word_1_160' title='bbox 1003 2916 1077 2962; x_wconf 87' lang='lat' dir='ltr'><strong>eam</strong></span> <span class='ocrx_word' id='word_1_161' title='bbox 1099 2897 1234 2961; x_wconf 90' lang='lat' dir='ltr'><strong>duabus</strong></span> <span class='ocrx_word' id='word_1_162' title='bbox 1262 2898 1330 2962; x_wconf 87' lang='lat' dir='ltr'><strong>vir·</strong></span> 
     </span>
     <span class='ocr_line' id='line_1_28' title="bbox 377 2996 1330 3079; baseline 0 -20"><span class='ocrx_word' id='word_1_163' title='bbox 377 2996 515 3077; x_wconf 79' lang='lat' dir='ltr'><strong>ginibus</strong></span> <span class='ocrx_word' id='word_1_164' title='bbox 538 2996 722 3059; x_wconf 89' lang='lat' dir='ltr'><strong>admodum</strong></span> <span class='ocrx_word' id='word_1_165' title='bbox 748 2997 933 3079; x_wconf 87' lang='lat' dir='ltr'><strong>speciosis:</strong></span> <span class='ocrx_word' id='word_1_166' title='bbox 958 3015 1036 3079; x_wconf 86' lang='lat' dir='ltr'><strong>quae</strong></span> <span class='ocrx_word' id='word_1_167' title='bbox 1055 3005 1202 3061; x_wconf 81' lang='lat' dir='ltr'><strong>extensa</strong></span> <span class='ocrx_word' id='word_1_168' title='bbox 1225 3014 1330 3060; x_wconf 92' lang='lat' dir='ltr'><strong>manu</strong></span> 
     </span>
     <span class='ocr_line' id='line_1_29' title="bbox 377 3094 1330 3177; baseline 0.001 -19"><span class='ocrx_word' id='word_1_169' title='bbox 377 3094 535 3176; x_wconf 81' lang='lat' dir='ltr'><strong>virginea</strong></span> <span class='ocrx_word' id='word_1_170' title='bbox 561 3095 679 3160; x_wconf 91' lang='lat' dir='ltr'><strong>oculos</strong></span> <span class='ocrx_word' id='word_1_171' title='bbox 709 3096 774 3158; x_wconf 91' lang='lat' dir='ltr'><strong>sibi</strong></span> <span class='ocrx_word' id='word_1_172' title='bbox 802 3103 838 3159; x_wconf 86' lang='lat' dir='ltr'><strong>et</strong></span> <span class='ocrx_word' id='word_1_173' title='bbox 866 3115 978 3172; x_wconf 86' lang='lat' dir='ltr'><strong>nares,</strong></span> <span class='ocrx_word' id='word_1_174' title='bbox 1008 3115 1128 3177; x_wconf 86' lang='lat' dir='ltr'><strong>osque,</strong></span> <span class='ocrx_word' id='word_1_175' title='bbox 1162 3113 1262 3159; x_wconf 82' lang='lat' dir='ltr'><strong>renes</strong></span> <span class='ocrx_word' id='word_1_176' title='bbox 1290 3114 1330 3159; x_wconf 91' lang='lat' dir='ltr'><strong>ac</strong></span> 
     </span>
     <span class='ocr_line' id='line_1_30' title="bbox 378 3188 1421 3277; baseline -0.001 -19"><span class='ocrx_word' id='word_1_177' title='bbox 378 3195 481 3275; x_wconf 87' lang='lat' dir='ltr'><strong>pedes</strong></span> <span class='ocrx_word' id='word_1_178' title='bbox 511 3195 675 3277; x_wconf 85' lang='lat' dir='ltr'><strong>perunxit</strong></span> <span class='ocrx_word' id='word_1_179' title='bbox 701 3201 878 3274; x_wconf 85' lang='lat' dir='ltr'><strong>unguento</strong></span> <span class='ocrx_word' id='word_1_180' title='bbox 904 3194 996 3277; x_wconf 92' lang='lat' dir='ltr'><strong>quod</strong></span> <span class='ocrx_word' id='word_1_181' title='bbox 1023 3214 1138 3259; x_wconf 91' lang='lat' dir='ltr'><strong>secum</strong></span> <span class='ocrx_word' id='word_1_182' title='bbox 1165 3194 1331 3258; x_wconf 88' lang='lat' dir='ltr'><strong>attulerat</strong></span> <span class='ocrx_word' id='word_1_183' title='bbox 1404 3188 1421 3219; x_wconf 78' lang='lat'>‘</span> 
     </span>
     <span class='ocr_line' id='line_1_31' title="bbox 377 3292 1330 3376; baseline 0.001 -21"><span class='ocrx_word' id='word_1_184' title='bbox 377 3294 534 3370; x_wconf 88' lang='lat' dir='ltr'><strong>salutari,</strong></span> <span class='ocrx_word' id='word_1_185' title='bbox 563 3295 669 3359; x_wconf 86' lang='lat' dir='ltr'><strong>verba</strong></span> <span class='ocrx_word' id='word_1_186' title='bbox 701 3292 878 3375; x_wconf 88' lang='lat' dir='ltr'><strong>proferens</strong></span> <span class='ocrx_word' id='word_1_187' title='bbox 919 3293 1058 3376; x_wconf 87' lang='lat' dir='ltr'><strong>propria</strong></span> <span class='ocrx_word' id='word_1_188' title='bbox 1094 3293 1138 3357; x_wconf 88' lang='lat' dir='ltr'><strong>ad</strong></span> <span class='ocrx_word' id='word_1_189' title='bbox 1175 3292 1330 3374; x_wconf 78' lang='lat' dir='ltr'><strong>singulas</strong></span> 
     </span>
     <span class='ocr_line' id='line_1_32' title="bbox 379 3391 1328 3475; baseline -0.001 -19"><span class='ocrx_word' id='word_1_190' title='bbox 379 3395 569 3470; x_wconf 89' lang='lat' dir='ltr'><strong>unctiones,</strong></span> <span class='ocrx_word' id='word_1_191' title='bbox 586 3392 629 3456; x_wconf 92' lang='lat' dir='ltr'><strong>de</strong></span> <span class='ocrx_word' id='word_1_192' title='bbox 646 3393 771 3475; x_wconf 89' lang='lat' dir='ltr'><strong>quibus</strong></span> <span class='ocrx_word' id='word_1_193' title='bbox 787 3398 924 3456; x_wconf 88' lang='lat' dir='ltr'><strong>tantum</strong></span> <span class='ocrx_word' id='word_1_194' title='bbox 936 3392 998 3456; x_wconf 90' lang='lat' dir='ltr'><strong>illa</strong></span> <span class='ocrx_word' id='word_1_195' title='bbox 1014 3392 1169 3468; x_wconf 87' lang='lat' dir='ltr'><strong>retinuit,</strong></span> <span class='ocrx_word' id='word_1_196' title='bbox 1191 3410 1272 3475; x_wconf 76' lang='lat' dir='ltr'><strong>qum</strong></span> <span class='ocrx_word' id='word_1_197' title='bbox 1286 3391 1328 3456; x_wconf 92' lang='lat' dir='ltr'><strong>ad</strong></span> 
     </span>
    </p>
   </div>
   <div class='ocr_carea' id='block_1_9' title="bbox 375 3481 1329 3573">
    <p class='ocr_par' dir='ltr' id='par_1_9' title="bbox 375 3481 1329 3573">
     <span class='ocr_line' id='line_1_33' title="bbox 375 3481 1329 3573; baseline 0.001 -20"><span class='ocrx_word' id='word_1_198' title='bbox 375 3481 477 3555; x_wconf 69' lang='lat' dir='ltr'><strong>renes</strong></span> <span class='ocrx_word' id='word_1_199' title='bbox 510 3493 713 3555; x_wconf 86' lang='lat' dir='ltr'><strong>dicebantur</strong></span> <span class='ocrx_word' id='word_1_200' title='bbox 747 3498 783 3554; x_wconf 85' lang='lat' dir='ltr'><strong>et</strong></span> <span class='ocrx_word' id='word_1_201' title='bbox 814 3491 936 3573; x_wconf 84' lang='lat' dir='ltr'><strong>pedes:</strong></span> <span class='ocrx_word' id='word_1_202' title='bbox 978 3510 1124 3573; x_wconf 89' lang='lat' dir='ltr'><strong>quorum</strong></span> <span class='ocrx_word' id='word_1_203' title='bbox 1153 3490 1199 3555; x_wconf 91' lang='lat' dir='ltr'><strong>ad</strong></span> <span class='ocrx_word' id='word_1_204' title='bbox 1231 3509 1329 3554; x_wconf 85' lang='lat' dir='ltr'><strong>renea</strong></span> 
     </span>
    </p>
   </div>
   <div class='ocr_carea' id='block_1_10' title="bbox 378 3589 1331 4168">
    <p class='ocr_par' dir='ltr' id='par_1_10' title="bbox 378 3589 1331 4168">
     <span class='ocr_line' id='line_1_34' title="bbox 378 3589 1331 3672; baseline 0.002 -21"><span class='ocrx_word' id='word_1_205' title='bbox 378 3597 488 3664; x_wconf 87' lang='lat' dir='ltr'><strong>erant,</strong></span> <span class='ocrx_word' id='word_1_206' title='bbox 512 3590 758 3672; x_wconf 82' lang='lat' dir='ltr'><strong>‘stringantur</strong></span> <span class='ocrx_word' id='word_1_207' title='bbox 780 3609 878 3653; x_wconf 86' lang='lat' dir='ltr'><strong>renes</strong></span> <span class='ocrx_word' id='word_1_208' title='bbox 900 3589 951 3654; x_wconf 88' lang='lat' dir='ltr'><strong>tui</strong></span> <span class='ocrx_word' id='word_1_209' title='bbox 969 3590 1109 3672; x_wconf 80' lang='lat' dir='ltr'><strong>cingulo</strong></span> <span class='ocrx_word' id='word_1_210' title='bbox 1125 3589 1298 3654; x_wconf 86' lang='lat' dir='ltr'><strong>castitatis</strong></span> <span class='ocrx_word' id='word_1_211' title='bbox 1310 3590 1331 3667; x_wconf 71' lang='grc' dir='ltr'><strong>ς’</strong></span> 
     </span>
     <span class='ocr_line' id='line_1_35' title="bbox 378 3687 1330 3772; baseline 0.001 -22"><span class='ocrx_word' id='word_1_212' title='bbox 378 3687 422 3750; x_wconf 91' lang='lat' dir='ltr'><strong>ad</strong></span> <span class='ocrx_word' id='word_1_213' title='bbox 445 3687 549 3768; x_wconf 88' lang='lat' dir='ltr'><strong>pedes</strong></span> <span class='ocrx_word' id='word_1_214' title='bbox 575 3708 669 3765; x_wconf 87' lang='lat' dir='ltr'><strong>vero,</strong></span> <span class='ocrx_word' id='word_1_215' title='bbox 693 3689 823 3771; x_wconf 85' lang='lat' dir='ltr'><strong>‘Ungo</strong></span> <span class='ocrx_word' id='word_1_216' title='bbox 851 3688 955 3771; x_wconf 86' lang='lat' dir='ltr'><strong>pedes</strong></span> <span class='ocrx_word' id='word_1_217' title='bbox 984 3698 1063 3753; x_wconf 89' lang='lat' dir='ltr'><strong>tuos</strong></span> <span class='ocrx_word' id='word_1_218' title='bbox 1090 3689 1127 3752; x_wconf 92' lang='lat' dir='ltr'><strong>in</strong></span> <span class='ocrx_word' id='word_1_219' title='bbox 1157 3706 1330 3772; x_wconf 83' lang='lat' dir='ltr'><strong>praepara-</strong></span> 
     </span>
     <span class='ocr_line' id='line_1_36' title="bbox 379 3786 1328 3870; baseline 0.001 -21"><span class='ocrx_word' id='word_1_220' title='bbox 379 3786 506 3850; x_wconf 89' lang='lat' dir='ltr'><strong>tionem</strong></span> <span class='ocrx_word' id='word_1_221' title='bbox 538 3788 709 3867; x_wconf 83' lang='lat' dir='ltr'><strong>evangelii</strong></span> <span class='ocrx_word' id='word_1_222' title='bbox 739 3789 858 3870; x_wconf 68' lang='lat' dir='ltr'><strong>pacis!</strong></span> <span class='ocrx_word' id='word_1_223' title='bbox 910 3789 1067 3853; x_wconf 86' lang='lat' dir='ltr'><strong>Tandem</strong></span> <span class='ocrx_word' id='word_1_224' title='bbox 1101 3789 1133 3853; x_wconf 90' lang='lat' dir='ltr'><strong>ei</strong></span> <span class='ocrx_word' id='word_1_225' title='bbox 1162 3787 1328 3863; x_wconf 89' lang='lat' dir='ltr'><strong>habitum,</strong></span> 
     </span>
     <span class='ocr_line' id='line_1_37' title="bbox 378 3886 1330 3967; baseline 0.003 -20"><span class='ocrx_word' id='word_1_226' title='bbox 378 3904 447 3967; x_wconf 92' lang='lat' dir='ltr'><strong>quo</strong></span> <span class='ocrx_word' id='word_1_227' title='bbox 476 3904 567 3948; x_wconf 91' lang='lat' dir='ltr'><strong>nunc</strong></span> <span class='ocrx_word' id='word_1_228' title='bbox 601 3894 746 3950; x_wconf 84' lang='lat' dir='ltr'><strong>utuntur</strong></span> <span class='ocrx_word' id='word_1_229' title='bbox 772 3887 908 3965; x_wconf 85' lang='lat' dir='ltr'><strong>fratres,</strong></span> <span class='ocrx_word' id='word_1_230' title='bbox 933 3888 1119 3952; x_wconf 86' lang='lat' dir='ltr'><strong>osteudens</strong></span> <span class='ocrx_word' id='word_1_231' title='bbox 1144 3886 1207 3962; x_wconf 88' lang='lat' dir='ltr'><strong>ait,</strong></span> <span class='ocrx_word' id='word_1_232' title='bbox 1236 3886 1330 3950; x_wconf 86' lang='lat' dir='ltr'><strong>‘Hic</strong></span> 
     </span>
     <span class='ocr_line' id='line_1_38' title="bbox 378 3984 1331 4068; baseline 0.002 -22"><span class='ocrx_word' id='word_1_233' title='bbox 378 3994 431 4048; x_wconf 87' lang='lat' dir='ltr'><strong>est</strong></span> <span class='ocrx_word' id='word_1_234' title='bbox 448 3984 585 4048; x_wconf 89' lang='lat' dir='ltr'><strong>babitus</strong></span> <span class='ocrx_word' id='word_1_235' title='bbox 601 3986 731 4049; x_wconf 88' lang='lat' dir='ltr'><strong>ordinis</strong></span> <span class='ocrx_word' id='word_1_236' title='bbox 749 3987 824 4050; x_wconf 69' lang='lat' dir='ltr'><strong>tui!</strong></span> <span class='ocrx_word' id='word_1_237' title='bbox 865 3987 971 4050; x_wconf 89' lang='lat' dir='ltr'><strong>Mane</strong></span> <span class='ocrx_word' id='word_1_238' title='bbox 990 3987 1097 4068; x_wconf 86' lang='lat' dir='ltr'><strong>igitur</strong></span> <span class='ocrx_word' id='word_1_239' title='bbox 1113 3987 1218 4063; x_wconf 86' lang='lat' dir='ltr'><strong>sacto,</strong></span> <span class='ocrx_word' id='word_1_240' title='bbox 1235 3986 1331 4050; x_wconf 85' lang='lat' dir='ltr'><strong>veni·</strong></span> 
     </span>
     <span class='ocr_line' id='line_1_39' title="bbox 378 4084 1331 4168; baseline 0.001 -23"><span class='ocrx_word' id='word_1_241' title='bbox 378 4086 449 4148; x_wconf 72' lang='lat' dir='ltr'><strong>eniti</strong></span> <span class='ocrx_word' id='word_1_242' title='bbox 466 4084 509 4147; x_wconf 87' lang='lat' dir='ltr'><strong>ad</strong></span> <span class='ocrx_word' id='word_1_243' title='bbox 532 4104 570 4148; x_wconf 84' lang='lat' dir='ltr'><strong>se</strong></span> <span class='ocrx_word' id='word_1_244' title='bbox 590 4087 692 4148; x_wconf 90' lang='lat' dir='ltr'><strong>beato</strong></span> <span class='ocrx_word' id='word_1_245' title='bbox 710 4085 892 4149; x_wconf 88' lang='lat' dir='ltr'><strong>Dominico</strong></span> <span class='ocrx_word' id='word_1_246' title='bbox 915 4087 1072 4150; x_wconf 86' lang='lat' dir='ltr'><strong>narravit</strong></span> <span class='ocrx_word' id='word_1_247' title='bbox 1094 4105 1156 4168; x_wconf 89' lang='lat' dir='ltr'><strong>per</strong></span> <span class='ocrx_word' id='word_1_248' title='bbox 1177 4084 1331 4148; x_wconf 87' lang='lat' dir='ltr'><strong>ordinem</strong></span> 
     </span>
    </p>
   </div>
   <div class='ocr_carea' id='block_1_11' title="bbox 414 4238 1181 4305">
    <p class='ocr_par' dir='ltr' id='par_1_11' title="bbox 414 4238 1181 4305">
     <span class='ocr_line' id='line_1_40' title="bbox 414 4238 1181 4305; baseline 0.004 -15"><span class='ocrx_word' id='word_1_249' title='bbox 414 4238 420 4269; x_wconf 92' lang='lat'>¹</span> <span class='ocrx_word' id='word_1_250' title='bbox 439 4241 587 4290; x_wconf 79' lang='lat' dir='ltr'><strong>‘familiaris</strong></span> <span class='ocrx_word' id='word_1_251' title='bbox 598 4244 702 4292; x_wconf 80' lang='lat' dir='ltr'><strong>effectus</strong></span> <span class='ocrx_word' id='word_1_252' title='bbox 712 4239 728 4302; x_wconf 68' lang='grc' dir='ltr'><strong>ς’</strong></span> <span class='ocrx_word' id='word_1_253' title='bbox 740 4243 777 4293; x_wconf 88' lang='grc' dir='ltr'><strong>Μ.</strong></span> <span class='ocrx_word' id='word_1_254' title='bbox 790 4243 869 4292; x_wconf 78' lang='lat' dir='ltr'><strong>etAr.</strong></span> <span class='ocrx_word' id='word_1_255' title='bbox 903 4239 907 4304; x_wconf 96' lang='grc' dir='ltr'>Ι</span> <span class='ocrx_word' id='word_1_256' title='bbox 957 4240 968 4274; x_wconf 78' lang='lat'>²</span> <span class='ocrx_word' id='word_1_257' title='bbox 984 4245 993 4272; x_wconf 85' lang='lat'><em>‘</em></span> <span class='ocrx_word' id='word_1_258' title='bbox 1001 4240 1101 4305; x_wconf 81' lang='lat' dir='ltr'><strong>lebris;’</strong></span> <span class='ocrx_word' id='word_1_259' title='bbox 1114 4239 1181 4293; x_wconf 72' lang='grc' dir='ltr'><strong>ΠΛ.</strong></span> 
     </span>
    </p>
   </div>
   <div class='ocr_carea' id='block_1_12' title="bbox 0 0 1478 4950">
    <p class='ocr_par' dir='ltr' id='par_1_12' title="bbox 0 0 1478 4950">
     <span class='ocr_line' id='line_1_41' title="bbox 0 0 1478 4950; baseline 0 0"><span class='ocrx_word' id='word_1_260' title='bbox 0 0 1478 4950; x_wconf 95' lang='lat' dir='ltr'><strong> </strong></span> 
     </span>
    </p>
   </div>
  </div>
 </body>
</html>
