2940 4950
577 466 761 516 anricus.
1077 452 1143 517 3⁰1

184 623 424 702 Gravesende,
462 624 715 689 Lincolniensis
754 624 948 709 episcopus.
1020 627 1145 691 Frater

183 724 356 803 Ioannes,
388 724 651 790 Cantueriensis
684 725 978 808 archiepiscopus,
1017 747 1144 792 convo·

185 833 267 890 cato
290 825 438 890 concilio
464 825 556 908 apud
578 824 800 906 Rediugiam,
820 825 1049 907 suffraganeis
1071 828 1144 892 suis

185 925 365 1008 imposuit,
393 933 434 989 ut
457 932 593 990 statuta
621 924 794 1007 generalis
823 925 963 991 concilii
989 928 1145 992 facerent

188 1026 301 1090 artius
315 1025 505 1089 observari.

202 1228 231 1265 D·
243 1228 269 1265 ll.
280 1228 301 1265 J,
311 1228 336 1265 0.
422 1226 445 1263 P.
457 1226 621 1262 solutionum
635 1226 660 1262 n.
763 1225 916 1261 FRANGORUM
970 1227 1110 1262 suetonum

376 1314 529 1351 moenum.
596 1288 729 1350 monun—
759 1313 923 1352 rururerru.
964 1314 1082 1348 unwanni
1094 1313 1114 1350 1.

639 1376 663 1420 8.
1029 1374 1053 1419 8.

236 1510 430 1578 Nicousus
452 1533 544 1597 papa
572 1513 695 1578 tertius
723 1514 879 1590 moritur,
906 1513 1142 1595 successitque
1155 1542 1258 1581 naono

186 1612 221 1677 ei
244 1611 420 1677 Martinus
443 1622 601 1695 quartus,
621 1614 717 1697 prius
739 1615 854 1678 dictus
878 1614 1008 1698 Symon
1027 1613 1139 1678 Turo·
1154 1592 1304 1708 {frma

188 1713 317 1789 nensis,
348 1710 507 1777 Gallicus
536 1714 688 1778 natione.
757 1713 950 1777 Edwardus
982 1733 1044 1778 rex
1076 1713 1141 1778 hoc
1154 1718 1254 1808 Ψ·

187 1830 282 1877 anno
315 1831 473 1876 reversus
498 1814 541 1877 de
572 1815 730 1896 partibus
758 1813 963 1890 Gallicanis,
988 1815 1031 1879 de
1054 1813 1142 1897 lapi-

189 1910 291 1976 dibus
301 1911 493 1996 jaspidum,
517 1933 604 1996 quos
623 1934 739 1978 secum
755 1916 934 1991 attulerat,
957 1923 1140 1997 paternum

189 2010 275 2077 lecit
293 2014 447 2095 reparari
473 2013 681 2095 sepulcrum.
735 2014 897 2079 Oliverus
922 2015 964 2076 de
990 2013 1142 2076 Suttona

187 2110 230 2176 fit
254 2112 436 2196 episcopus
462 2113 726 2191 lincolniensis,
751 2115 810 2198 qui
833 2114 929 2197 prius
951 2112 1066 2176 fuerat
1089 2131 1142 2177 ec·

187 2210 305 2276 clesiae
319 2211 472 2296 ejusdem
500 2213 662 2277 decanus.
717 2214 840 2278 Frater
868 2212 892 2277 J
895 2231 1024 2277 oannes
1051 2210 1142 2276 Gan·
1154 2241 1273 2282 conuerte

188 2311 376 2376 tueriensis
405 2321 575 2378 convocat
601 2314 785 2378 concilium
809 2313 901 2396 apud
933 2312 1141 2391 Lamhutlre,
1154 2293 1265 2333 'mm'

187 2411 226 2475 in
250 2429 320 2493 quo
340 2413 606 2477 constitutiones
626 2413 766 2478 Ottonis
782 2422 817 2478 et
833 2412 1014 2489 Ottobooi,
1029 2432 1142 2495 quon·

188 2510 269 2575 dam
295 2510 487 2593 legatorum
512 2513 548 2576 in
573 2512 715 2596 Anglia,
739 2514 924 2589 innovans,
949 2512 1057 2596 jussit
1084 2532 1143 2576 eas

191 2611 237 2675 ab
252 2612 412 2676 omnibns
428 2612 607 2678 custodiri.

202 2823 230 2861 n.
242 2823 269 2860 rr.
280 2823 301 2860 s.
312 2824 337 2861 c.
429 2823 452 2861 r.
465 2824 629 2861 souarosorr
642 2825 668 2862 a.
767 2826 920 2863 rinocorura

196 2814 354 3023 ffiff,
385 2910 541 2949 nannum.
609 2912 718 2949 aaoonrr
753 2886 931 2951 {aimerii-ru

241 3108 445 3174 Macrinus
461 3129 555 3194 papa
571 3119 713 3174 senator
727 3110 873 3175 efficitur
889 3113 983 3175 urbis
1000 3113 1140 3189 Romae3

189 3209 302 3291 quiin
321 3208 562 3274 Romaniolam
581 3211 772 3274 exercitum
797 3211 890 3274 misit
906 3220 1027 3275 contra
1044 3205 1141 3274 ¹Gui-

188 3307 311 3372 donem
342 3308 503 3375 comitem
534 3309 785 3384 Montis-febri,
830 3310 889 3392 qui
917 3310 954 3372 in
984 3310 1140 3392 partibus

187 3406 258 3471 illis
281 3415 391 3472 terras
417 3409 571 3474 ecclesiae
602 3410 798 3493 occupavit.
851 3409 980 3485 David,
1007 3427 1140 3490 germa·
1153 3442 1278 3490 mam„

189 3526 256 3571 nus
290 3508 455 3591 principis
485 3509 637 3587 Walliee‚
680 3510 859 3572 immemor
896 3508 1139 3572 beneficiorum
1152 3494 1270 3584 llfl‘lf‘tffi

187 3608 281 3689 regis
315 3605 465 3689 Angliae,
494 3608 554 3692 qui
583 3629 661 3673 eum
691 3618 924 3692 promoverat,
953 3618 989 3674 et
1019 3595 1260 3684 contraffiwf*

187 3705 329 3771 fratrem
359 3715 618 3790 persequentem
648 3719 860 3791 protexerat,
886 3710 928 3774 ad
958 3695 1252 3791 insurgeo·ffl?,¹,¹¹,',²d‚

189 3805 271 3871 dum
303 3814 425 3871 contra
453 3827 568 3888 regem
599 3808 762 3873 Walliam
791 3810 1002 3874 concitavit:
1033 3817 1141 3892 utque

188 3907 379 3990 principem
403 3907 603 3990 nobilesque
620 3908 846 3973 Wallensium
872 3910 916 3973 ad
938 3910 1141 3973 seditionem

187 4006 325 4071 facilius
357 4007 551 4082 inclinaret,
585 4007 659 4090 ipse
688 4008 819 4091 primus
852 4008 986 4072 facinus
1015 4027 1141 4090 aggre-

224 4250 231 4280 ¹
249 4255 256 4282 ¹
267 4252 413 4303 Gnidonem
422 4254 454 4303 de
467 4253 655 4313 Monte-febris
666 4255 704 4303 Μ.
739 4254 802 4303 Hall
810 4258 930 4315 suggests
940 4253 948 4280 ‘
957 4248 1134 4303 Monte-lorti!
