2940 4950
523 480 703 527 nunnius.
1024 466 1089 530 173

132 640 230 715 tiam,
256 638 317 701 ubi
341 646 414 701 tum
441 638 582 717 vigebat
605 637 756 701 studium
781 636 953 718 generale,
982 635 1087 718 coepit
1100 652 1218 741 ⁸¹11qu

133 738 359 803 eruditionem
383 737 566 819 diligenter
591 737 780 811 intendere,
806 744 842 799 et
871 736 1007 800 omissis
1030 736 1089 798 lri-
1125 730 1130 741 '
1240 726 1245 737 ’

135 839 236 915 volis,
264 838 390 920 quibus
412 837 502 901 solet
536 844 622 900 aetas
646 830 915 900 ¹adolescentior
939 835 1089 913 effluere,

131 958 209 1002 sese
234 937 478 1002 maturioribus
505 937 629 1001 studiis
658 956 854 1019 occupare3
889 944 936 1013 et,
956 943 994 1000 ut
1014 937 1088 999 ani-

133 1057 227 1101 mum
257 1056 358 1101 suum
389 1036 591 1101 transferret
622 1036 759 1119 plenius
793 1036 838 1099 ad
869 1037 1089 1118 sapientiam,

132 1130 326 1201 'abstraxit
351 1155 373 1199 a
398 1137 480 1201 vino
506 1156 567 1219 per
587 1135 787 1199 decennium
815 1155 952 1199 carnem
979 1155 1089 1200 suam.

135 1236 362 1301 Postmodum
380 1255 474 1311 vero,
494 1235 704 1300 lassescente
723 1236 914 1312 stomacho,
935 1235 1089 1317 compul-

134 1355 195 1401 sus
211 1344 264 1400 est
280 1336 325 1398 ab
347 1336 510 1418 episcopo
535 1335 669 1399 Didaco
693 1335 817 1398 saltem
842 1343 1033 1417 temperato
1055 1342 1091 1399 et

132 1435 270 1501 modico
287 1435 367 1500 vino
384 1435 448 1497 uti.
490 1433 706 1498 Liberalibus
720 1442 835 1498 autem
851 1435 984 1498 artibus
999 1454 1091 1498 com-

133 1542 292 1618 petenter
326 1535 528 1611 instructus
565 1534 607 1597 ad
644 1533 827 1614 theologia·
866 1535 1017 1598 studium
1053 1553 1091 1598 so

135 1634 327 1711 transtulit,
351 1634 527 1716 coepitque
552 1632 773 1697 vehementer
794 1633 919 1697 divinis
945 1633 1091 1717 eloquiis

134 1734 290 1813 inhiare3
319 1752 383 1797 nec
407 1732 518 1797 solum
541 1740 740 1797 sanctarum
767 1733 1030 1798 meditationum
1057 1742 1092 1797 et

135 1832 354 1898 affectionum
378 1841 525 1913 segetes,
551 1833 610 1896 sed
636 1834 801 1896 bonorum
827 1853 970 1916 operum
999 1833 1090 1897 fruc-

134 1944 192 1998 tus
214 1933 403 1997 uberrimos
424 1932 647 2013 producebat.
702 1932 808 1995 Fame
830 1952 980 2016 namque
1005 1954 1092 2016 prae-

135 2032 252 2098 valida
291 2032 326 2096 in
359 2032 528 2096 universis
563 2032 746 2114 Hispaniae
783 2034 939 2115 partibus
976 2034 1091 2115 ingru-

136 2141 228 2209 ente,
260 2131 371 2196 adbuc
401 2150 544 2195 manens
568 2132 738 2195 Palentiae
767 2125 823 2195 ³ut
850 2131 936 2197 vidit
967 2152 1093 2213 egeno-

137 2252 216 2297 rum
239 2232 408 2306 miserias,
433 2232 671 2313 neminemque
693 2230 957 2305 consolatorem,
977 2233 1092 2295 anxiae

136 2331 320 2396 admodum
351 2338 466 2395 motus
500 2331 748 2413 compassionis
779 2330 917 2407 ellectu,
944 2330 1092 2393 venditis

136 2430 248 2507 libris,
283 2449 370 2514 quos
406 2430 506 2493 valde
539 2431 751 2494 necessarios
789 2429 949 2505 habebat,
982 2430 1092 2492 omni-

137 2550 207 2613 que
233 2529 452 2611 supellectili,
482 2537 662 2611 acceptum
690 2531 838 2611 pretium
868 2529 1030 2612 dispersit
1058 2538 1093 2593 et

1156 654 1196 690 unt
1204 650 1228 689 ol

1220 702 1239 739 lt·

137 2629 235 2695 dedit
253 2629 471 2712 pauperibus.
524 2628 669 2693 Talibus
686 2637 801 2693 autem
818 2631 985 2694 virtutum
1002 2629 1094 2693 tlori-

137 2730 205 2795 bus
226 2730 263 2793 in
286 2730 389 2793 beato
406 2729 481 2792 viro
504 2729 702 2810 gratissima
721 2737 904 2794 venustate
920 2729 1094 2794 vernanti-

138 2830 218 2906 bus,
246 2829 354 2911 coepit
382 2827 467 2893 odor
495 2829 691 2892 sanctitatis
721 2829 797 2912 ejus
825 2831 1094 2912 circumquaque

138 2928 306 3005 diffundi3
343 2946 522 3010 quaecum
548 2927 756 2992 Oxomensis
785 2930 939 3012 episcopi
968 2923 1102 2993 Didaci¹

139 3028 316 3111 attigisset
331 3028 498 3105 auditum,
515 3029 679 3092 continuo
697 3030 899 3093 accersitum
917 3028 998 3093 lecit
1015 3048 1093 3092 eum

139 3130 177 3192 in
199 3126 346 3193 ecclesia
367 3146 432 3191 sua
458 3127 659 3192 canonicum
683 3127 888 3208 regularem.
934 3128 1005 3206 Qui
1027 3136 1095 3192 sta-

140 3229 204 3293 tim
221 3227 312 3291 inter
326 3227 510 3290 canonicos
521 3226 617 3290 velut
634 3227 809 3309 singulare
820 3228 927 3310 jubar
944 3228 1095 3304 emicuit,

140 3336 178 3392 et
206 3326 250 3391 de
278 3327 408 3391 virtute
437 3327 472 3389 in
499 3327 661 3390 virtutem
690 3328 777 3389 mira
807 3326 984 3390 celeritate
1016 3346 1095 3407 pro-

140 3426 273 3505 ficiens,
290 3426 441 3490 omnium
464 3426 499 3488 in
522 3446 560 3490 se
583 3427 784 3508 provocavit
803 3425 974 3488 affectum.
1027 3425 1096 3489 Mi·

139 3534 263 3592 rantur
287 3526 443 3590 canonici
472 3533 543 3589 tam
569 3527 720 3590 subitum
748 3525 923 3606 religionis
952 3525 1097 3607 apicem,

139 3635 177 3693 et
193 3645 271 3692 eum
288 3625 370 3689 licet
386 3623 534 3689 invitum
550 3625 615 3690 sibi
634 3627 851 3691 constituunt
868 3625 1095 3707 subpriorem.

140 3726 212 3807 Qui
231 3726 345 3790 sactus
366 3725 524 3788 omnibus
547 3726 630 3789 vitae
653 3725 843 3809 speculum,
867 3732 902 3788 et
920 3727 1096 3807 religionis

140 3826 352 3907 exemplum,
382 3824 417 3887 in
449 3826 604 3889 oratione
637 3825 809 3900 assiduus,
839 3826 984 3889 caritate
1010 3846 1098 3907 prae·

139 4002 237 4065 proved
256 4002 291 4063 by
309 4000 352 4049 tbe
370 4000 552 4051 bisuntinos
566 4000 624 4067 the}
670 4000 807 4052 1ΜΛΑν.
818 4021 824 4051 ;
836 4004 844 4031 ⁴
849 4003 1074 4053 adolescentiorum
1083 3992 1098 4061 ς’

140 4071 298 4133 Order,wbo
308 4070 380 4119 show
389 4070 445 4120 that
454 4072 573 4120 Valentia
584 4076 610 4119 at
636 4072 697 4121 Cod.
711 4074 775 4135 Reg.

141 4142 197 4193 that
207 4141 296 4205 period
305 4154 360 4189 was
371 4140 523 4202 completely
532 4141 557 4188 iu
568 4140 610 4189 the
670 4172 706 4203 ,ι
775 4176 780 4186 .
821 4169 897 4221 ...A

141 4210 427 4275 pannormiam
446 4209 611 4272 Scriptura.
716 4177 854 4233 ³b⁸l¹¹¹l¹b
900 4188 922 4221 '·

142 4282 395 4345 Ptousanoue.
623 4298 626 4341 Ι
673 4275 963 4337 ’‘cumvideret5'rlr.
