2940 4950
341 435 405 499 154
704 445 776 493 mc.
792 443 942 491 rnrvnrr

341 607 412 670 alia
435 604 563 687 populo
589 611 689 666 torrae
715 595 1003 684 ¹pernecessaria,
1019 600 1096 665 nelo
1108 599 1264 684 justitiae
1282 619 1304 664 a

341 725 422 786 rege
455 704 657 780 constituta,
688 710 762 766 toto
798 700 953 785 ejusdem
990 707 1146 782 ternpore
1184 719 1303 764 serva·

341 805 467 868 bantur
483 803 604 866 illaesa.
656 801 678 865 J
682 802 864 866 ustitiariis
885 808 1002 864 autem
1027 800 1102 863 suis
1120 800 1301 882 praecepit,

341 923 384 966 ne
412 902 572 984 cuiquam
610 901 833 984 conquerenti
866 900 1040 984 justitiam
1073 897 1299 981 denegarent.

179 1022 314 1071 astopiae·
342 1002 537 1065 Advertens
553 994 672 1064 ²etiam
698 999 881 1064 nonnullas
898 998 1120 1063 ecclesiarum
1143 1016 1300 1081 campes-

177 1072 200 1111 iu
210 1072 247 1110 tho

177 1121 288 1210 {3322
341 1102 445 1166 trium
469 1101 642 1183 argenteis
668 1119 785 1163 carere
808 1100 985 1174 calicibus,
1015 1117 1094 1162 cum
1121 1097 1300 1162 didicisset

177 1221 298 1310 affirma
342 1220 402 1264 eos
434 1220 507 1264 suae
542 1199 786 1282 redemptionis
816 1199 998 1262 occasione
1029 1196 1202 1274 sublatos,
1233 1198 1298 1261 sibi

179 1321 319 1360 mansuer
343 1309 508 1382 tanquam
526 1319 584 1362 reo
606 1300 782 1381 imputans
801 1298 846 1361 ad
872 1297 1023 1379 culpam,
1042 1294 1163 1360 divina
1184 1296 1299 1359 minus

179 1371 273 1460 iffi
342 1399 446 1481 digne
468 1399 503 1462 in
521 1398 584 1462 hac
599 1408 698 1479 parte
713 1397 892 1473 celebrari,
910 1396 1018 1480 jussit
1039 1395 1115 1458 fieri
1137 1415 1201 1478 per
1222 1395 1300 1459 loca

343 1499 481 1562 divorsa
507 1497 630 1561 calices
657 1497 940 1579 quamplurimos,
970 1488 1118 1577 ’eosque
1145 1494 1301 1559 ecclesiis

343 1597 578 1677 indigentibus
615 1596 774 1660 distribui
805 1596 880 1658 sine
913 1613 1022 1658 mora.
1084 1592 1174 1657 Cum
1207 1594 1299 1677 apud

181 1714 324 1754 suasores
345 1696 693 1760 westmonasterium
713 1696 749 1757 in
772 1695 853 1758 aula
869 1713 944 1770 sua,
968 1712 1047 1775 quae
1067 1692 1195 1757 dicitur
1215 1691 1302 1757 Per·

182 1764 283 1805 mm
345 1814 401 1870 va,
417 1794 472 1857 die
492 1794 641 1877 quodam
668 1793 864 1876 pranderet,
881 1801 1014 1857 certum
1032 1793 1166 1873 accepit
1185 1812 1300 1857 rumo-

345 1914 428 1970 rem,
454 1893 543 1975 quod
575 1893 757 1975 Philippus
785 1892 997 1957 Francorum
1024 1911 1098 1968 rex,
1122 1890 1301 1973 ingressus

347 1993 608 2069 Normanniam,
629 1992 833 2056 Vernolium
857 1992 1053 2069 obsideret3
1085 2009 1155 2072 quo
1179 1991 1301 2056 audito

341 2093 479 2177 jurasse
508 2093 628 2168 fertur,
662 2112 700 2156 se
729 2110 903 2173 nunquam
935 2108 1139 2155 aversurum
1164 2089 1302 2167 faciem,

346 2212 526 2275 quousque
552 2192 627 2272 regi
658 2191 870 2255 Francorum
898 2209 976 2254 curn
1007 2209 1048 2254 eo
1079 2196 1303 2271 pugnaturus

183 2311 306 2359 noronte
346 2300 560 2357 occurreret:
594 2290 686 2354 unde
714 2290 856 2354 effracto
888 2308 985 2353 muro
1015 2308 1034 2352 e
1064 2288 1211 2365 directo,
1242 2309 1304 2371 per

184 2360 313 2458 diiiiidy'
346 2399 545 2473 aperturam
567 2391 706 2466 iactam,
732 2388 834 2472 cujus
857 2388 957 2453 hodie
977 2388 1163 2470 vestigium
1187 2396 1305 2452 osten·

346 2491 449 2567 ditur,
476 2509 649 2571 egressus,
673 2489 881 2552 acceleravit
905 2487 949 2550 ad
979 2506 1085 2564 mare,
1106 2494 1304 2570 quartoque

347 2590 424 2652 idus
443 2589 529 2652 Maii
551 2590 586 2651 in
610 2587 861 2651 Normanniam
882 2587 1144 2669 transfretavit3
1168 2587 1229 2650 ubi
1246 2589 1303 2652 ob

348 2689 439 2751 viam
480 2687 609 2750 habens
644 2686 817 2750 Joannem
855 2687 995 2750 fratrem
1036 2706 1150 2763 suum,
1191 2686 1303 2751 eidem

350 2786 617 2850 misericordiam
639 2787 770 2868 petenti
796 2805 899 2869 super
922 2779 1137 2862 ⁴commissa,
1163 2785 1303 2868 culpam

351 2888 588 2949 incunctanter
607 2885 829 2967 indulgendo,
847 2886 912 2948 hoc
926 2885 1053 2950 dicitur
1068 2885 1302 2967 respondisse,

350 2986 516 3050 ‘Utinam
533 2985 623 3068 apud
649 3005 703 3048 me
728 2985 891 3049 delictum
916 2994 1013 3049 tuum
1032 2986 1068 3048 in
1092 2984 1303 3049 oblivionem

351 3093 516 3161 transcat,
532 3086 582 3148 ita
598 3084 688 3166 quod
705 3084 797 3166 apud
815 3093 850 3149 te
865 3093 1065 3166 permaneat
1082 3084 1117 3148 in
1137 3085 1306 3149 memoria

350 3184 441 3266 quod
458 3178 609 3247 t'ecisti.'⁵
662 3183 867 3259 Normanni,
882 3183 1032 3247 adventu
1053 3184 1145 3265 regis
1159 3184 1304 3248 Ricardi

350 3284 545 3360 confortati,
577 3283 753 3347 civitatem
788 3290 1078 3365 recuperaverunt
1107 3282 1303 3347 Ebroicam.

352 3383 431 3446 Rex
461 3391 577 3446 autom
606 3383 829 3459 Francorum,
856 3382 984 3444 omissa
1010 3380 1190 3445 obsidione
1214 3381 1305 3446 Ver·

352 3482 446 3558 nolii,
471 3503 512 3545 ne
537 3482 741 3546 revertendo
769 3481 923 3544 Parisios
950 3480 1036 3543 nihil
1062 3480 1185 3544 secisse
1208 3481 1304 3546 vide-

351 3590 457 3657 retur,
487 3581 773 3645 munitiunculam
799 3579 972 3661 quandam
1003 3580 1105 3660 cepit,
1134 3580 1179 3643 ad
1203 3579 1305 3663 cujus

352 3682 543 3745 custodiam
561 3680 718 3763 deputati
735 3680 872 3742 fuerant
888 3678 1042 3742 homines
1060 3684 1195 3742 tentum
1213 3686 1303 3743 octo.

389 3871 477 3932 ¹‘pr0
490 3872 631 3920 necessario
642 3870 697 3918 zelo
706 3867 722 3930 ς’
735 3865 802 3918 ΠΛ.
826 3871 887 3919 'See
911 3870 995 3930 ltoger
1017 3869 1046 3917 oi
1069 3870 1220 3932 Wendover,
1241 3871 1306 3920 wius

386 3939 397 3971 ⁹
412 3942 456 3989 ‘id
466 3937 480 4000 ;’
493 3943 531 3989 M.
544 3947 567 3988 et
580 3940 627 3988 Ar.
840 3941 901 3988 Var.
915 3938 1026 3987 Lectos
1038 3939 1163 3988 Matthew
1179 3940 1208 3988 oi
1222 3941 1307 4003 Paris,

386 4009 397 4039 ³
412 4012 517 4071 ‘eisque
527 4006 541 4069 ς’
554 4011 590 4058 M.
600 4009 680 4058 etAr.
840 4025 863 4058 v.
879 4013 935 4068 125,
946 4013 972 4056 to
984 4023 1009 4068 p.
1021 4012 1062 4057 82.
1076 4012 1116 4056 lo.
1128 4009 1178 4058 vol.
1190 4010 1227 4059 iii.
1257 4011 1307 4059 For

387 4080 396 4111 ⁴
413 4081 569 4129 ‘commissis
579 4077 594 4137 ς’
608 4080 646 4128 Μ.
841 4072 974 4127 Richards
986 4078 1113 4139 iiberality
1126 4086 1151 4126 to
1162 4078 1214 4126 him
1226 4085 1253 4128 nt
1263 4080 1307 4129 the

388 4150 466 4199 ⁶But
478 4152 508 4199 bo
524 4149 625 4197 roiusod
636 4155 661 4197 to
673 4154 775 4207 restore,
788 4155 814 4196 at
840 4149 977 4209 beginning
999 4148 1029 4196 oi
1049 4148 1088 4196 his
1108 4149 1179 4211 reign
1200 4164 1243 4197 see
1263 4150 1307 4199 tu-

353 4222 407 4270 thet
426 4223 496 4281 timo,
514 4220 554 4268 bis
574 4220 647 4267 lands
666 4233 694 4266 or
712 4219 813 4267 certios.
839 4218 918 4267 clrsrd
930 4218 959 4266 oi
967 4218 1121 4279 Devines,p.
1134 4222 1159 4277 t,
1176 4214 1226 4282 §8.
