2940 4950
574 488 754 536 inuuere.
1095 475 1138 538 41

189 642 351 726 Apostoli
385 646 564 710 transtulit
594 647 755 724 Romam,
783 647 873 709 sicut
901 644 979 708 duae
1011 646 1139 710 tabulae

189 763 288 806 aereae
321 744 572 821 demonstrant,
606 747 745 828 scriptae
781 745 905 809 litteris
937 743 1071 809 Graecis
1106 753 1140 808 et

188 841 336 922 Latinis,
359 863 437 925 quae
463 851 609 927 repertae
641 864 718 908 cum
746 844 866 909 eodem
894 862 1036 926 corpore
1068 845 1141 908 sue-

185 950 277 1004 rant.
330 943 520 1024 Repertum
531 953 586 1007 est
598 944 702 1007 etiam
720 944 754 1006 in
771 943 891 1007 eadem
906 941 1052 1007 ecclesia
1066 963 1139 1008 cor-

188 1058 253 1120 pus
270 1041 361 1104 beati
377 1041 527 1119 Paulini,
547 1042 676 1107 Nolani
693 1043 856 1125 episcopi.

237 1137 428 1217 GalfriduS,
446 1160 631 1221 germanus
647 1142 737 1222 regis
755 1141 905 1222 Angliee,
917 1141 1042 1204 comite
1063 1142 1140 1203 Bri·
1151 1157 1302 1197 tutamen

189 1238 317 1300 tauniae
336 1237 451 1302 Hoelo
467 1240 623 1322 expulso,
643 1241 735 1322 cepit
748 1239 1040 1304 consentientibus
1057 1240 1139 1303 civi·
1150 1208 1176 1256 Ἢ
1186 1206 1287 1256 Μψ

190 1335 254 1398 bus
270 1335 500 1401 Nanneticam
520 1339 709 1402 civitatem.

237 1434 446 1512 Willelmus,
473 1457 534 1500 rex
557 1435 696 1514 siciliae,
719 1437 894 1501 civitatem
913 1437 1043 1500 Barum
1059 1433 1138 1497 lun·
1151 1452 1237 1543 {ppos

188 1531 282 1595 ditus
309 1536 446 1610 evertit,
464 1543 590 1618 praeter
611 1535 791 1599 ecclesiam
814 1536 926 1599 sancti
954 1534 1138 1614 Nicbolai;
1201 1513 1228 1542 '¹'

188 1631 270 1711 quia
288 1634 382 1697 cives
398 1633 502 1712 illius,
522 1634 679 1698 faventes
697 1634 843 1712 Graecis,
861 1634 1018 1716 nequiter
1036 1627 1138 1697 ¹con·

185 1731 403 1812 spiraveraut
428 1742 550 1797 contra
572 1734 695 1815 ipsum.
749 1733 894 1798 Graecos
914 1734 1018 1797 etiam
1047 1739 1139 1796 terra

186 1830 340 1912 marique
357 1850 536 1914 superaus,
550 1832 710 1897 civitates
725 1841 761 1895 et
775 1832 932 1908 castella,
956 1850 1034 1912 quae
1058 1850 1135 1913 per·

187 1927 333 2006 diderat,
346 1931 383 1992 in
394 1931 455 2013 jus
465 1932 644 2013 proprium
661 1932 849 1995 revocavit.
903 1929 1138 1994 Exheredavit

188 2026 293 2087 etiam
319 2029 478 2091 comitem
505 2029 696 2093 Robertum
722 2030 764 2092 de
788 2026 975 2105 Basevilla,
995 2021 1138 2109 ²c0gna-

188 2130 261 2186 tum
277 2143 389 2199 suum,
408 2126 489 2206 quia
506 2128 550 2188 ab
567 2127 655 2207 ipso,
673 2125 807 2189 Graecis
829 2125 990 2201 favendo,
1013 2119 1136 2188 ³desci-

188 2229 296 2283 verat.
351 2222 609 2286 Reconciliatur
630 2224 734 2290 etiam
756 2243 856 2304 papae
883 2222 1049 2299 Adriano,
1078 2225 1137 2304 qui

189 2319 301 2400 ipsum
327 2327 490 2403 tanquam
514 2321 672 2409 rebellem
690 2321 844 2384 ecclesiae
859 2320 1137 2383 excommunica·

188 2425 297 2494 verat,
316 2419 472 2483 faciendo
488 2419 597 2482 eidem
616 2438 715 2501 papae
732 2419 942 2500 homagium,
957 2426 992 2481 et
1007 2419 1137 2500 abipso

186 2517 377 2598 suscipiens
394 2526 521 2581 terram
535 2537 644 2580 suam.

238 2614 281 2677 In
297 2635 386 2698 pago
405 2616 636 2680 Parisiacensi
651 2636 738 2698 capa
756 2615 947 2680 Salvatoris
971 2616 1079 2680 nostri
1101 2617 1137 2680 in

187 2717 395 2778 monasterio
412 2709 626 2796 *Argentolii
642 2715 852 2779 revelatione
867 2714 986 2779 divina
1000 2723 1138 2796 reperta

186 2820 248 2888 est,
266 2813 482 2877 inconsutilis
503 2823 538 2878 et
551 2815 681 2878 subrufi
703 2814 839 2890 coloris,
862 2833 964 2896 quam
985 2814 1137 2894 gloriosa

187 2910 303 2975 Mater
318 2912 393 2996 ejus
410 2912 492 2976 lecit
506 2914 549 2988 ei,
567 2933 645 2977 cum
668 2913 780 2976 adhuc
804 2932 889 2995 puer
905 2920 1008 2989 esset,
1033 2921 1137 2994 prout

184 3020 330 3092 repertae
346 3031 424 3074 cum
442 3031 484 3075 ea
499 3012 624 3075 litterae
640 3012 848 3077 indicabant.

237 3108 333 3172 Obiit
358 3109 553 3173 Willclmus
583 3110 675 3190 regis
706 3111 967 3192 primogenitus,
999 3119 1034 3174 et
1065 3111 1135 3174 Re·
1149 3135 1274 3185 merae·

186 3206 313 3286 dingiae
338 3215 392 3269 est
421 3207 588 3289 sepultus.
640 3208 815 3272 Henricus
841 3229 904 3272 rex
928 3210 1031 3291 cepit,
1057 3218 1136 3292 post
1147 3187 1215 3277 illl?t
1224 3197 1262 3226 ⁸⁰¹¹

186 3304 327 3385 longam
343 3305 568 3383 obsidionem,
587 3314 704 3371 castra
719 3307 938 3370 Mirabellum
959 3316 994 3370 et
1012 3306 1136 3370 Cbino

187 3423 277 3477 nem,
303 3423 382 3485 quae
405 3402 584 3467 Galfridus
615 3403 720 3468 frater
744 3405 819 3487 ejus
845 3413 1011 3469 tenuerat.
1066 3405 1136 3469 Re·

187 3502 336 3565 formata
354 3521 435 3566 vero
459 3521 544 3584 pace
566 3503 787 3584 interregem
811 3510 846 3565 et
861 3502 1068 3580 Galsridum,
1088 3504 1138 3567 ita

186 3601 278 3683 quod
297 3621 360 3664 rex
377 3602 555 3665 annuatim
573 3601 682 3665 eidem
705 3602 803 3665 daret
823 3601 916 3664 mille
939 3601 1044 3666 libras
1061 3601 1137 3667 An·

186 3700 333 3780 glicanae
365 3709 514 3764 monetae
541 3709 575 3764 et
601 3700 670 3764 duo
693 3701 801 3764 millia
830 3701 993 3764 librarum
1022 3701 1137 3766 Ande·
1206 3733 1212 3748 ·

186 3800 400 3878 gavensium,
416 3809 567 3863 castrum
584 3800 722 3863 tertium
742 3801 773 3863 ei
794 3800 963 3864 redditum
980 3809 1033 3864 est
1049 3801 1137 3865 Lob-

186 3896 326 3959 dunum.
385 3899 486 3963 Circa
514 3899 661 3962 medium
688 3900 815 3961 mensis
843 3898 995 3980 Augusti
1024 3919 1138 3981 coepe·

226 4115 234 4146 ¹
247 4117 472 4179 ‘conspiraverunt
479 4114 494 4180 ;'
508 4115 576 4169 D'A.
709 4117 719 4147 ⁸
735 4120 902 4172 ‘destituerat
913 4117 927 4180 ;’
939 4122 987 4170 Ar.

709 4187 719 4218 ⁴
735 4186 920 4251 ‘Argentariif
943 4191 996 4237 Ma
1025 4188 1139 4250 ‘Argen-

222 4252 232 4281 ¹
249 4256 481 4318 ‘cognominatum
502 4258 539 4306 M.
547 4262 572 4306 et
583 4256 630 4307 Ar.
674 4253 815 4317 tarii;’Ar.
