2940 4950
338 446 405 512 250
704 461 779 510 mo.
795 461 944 508 rnrvmn

339 626 505 702 cuperato
521 617 676 700 im'pon'o,
700 616 873 700 quendam
888 616 954 681 sibi
969 617 1177 699 praeficiunt,
1195 638 1297 701 quem

340 718 516 801 appellant
532 716 784 798 Palaeologum.
821 716 1045 780 Buldewinus
1059 736 1142 781 vero
1159 717 1297 800 fugiens

341 817 441 881 exsul
459 816 494 879 in
513 815 639 880 Galliis
657 817 868 880 morabatur.

364 1029 390 1066 D.
403 1029 430 1066 ll.
440 1029 460 1067 J.
472 1029 496 1066 0.
594 1028 618 1064 Ρ.
631 1027 794 1064 ROMARORUM
807 1027 833 1064 ll.
937 1027 1092 1064 rmuoosutt
1130 1027 1270 1064 anatolii!

377 1115 487 1154 mooun.
560 1115 701 1152 nunaunt.
777 1115 879 1151 nemi
914 1092 1099 1224 ΙΙΩΒΟῊῦΙῙΧ.
1127 1115 1233 1151 usum
1245 1115 1286 1152 111.

817 1175 843 1221 ⁷.
998 1173 1040 1220 86.
1182 1174 1224 1220 ⁴⁶.

175 1329 327 1369 mm
393 1306 579 1372 Pamcurs
610 1308 764 1385 Wulliae,
796 1307 890 1389 regis
916 1304 1057 1390 Anglioe
1085 1307 1297 1373 adversariis

177 1379 200 1419 ¹¹¹
210 1379 286 1420 Μ’
341 1407 608 1485 confoederatus,
624 1407 732 1489 coepit
746 1407 783 1470 in
800 1406 903 1471 terris
920 1406 1096 1484 Edwardi,
1113 1407 1176 1470 filii
1190 1409 1295 1490 regis,

341 1505 466 1571 iterum
494 1507 605 1570 caedes
635 1513 671 1569 et
699 1505 858 1569 incendia
887 1525 1057 1570 exercere.
1110 1504 1294 1589 Philippus

344 1606 435 1686 regis
464 1606 676 1670 Francorum
704 1604 796 1668 tilius
824 1603 1023 1681 Isubellam,
1052 1603 1159 1668 filiam
1191 1599 1295 1688 'regis

343 1702 561 1784 Arragoniae,
588 1723 732 1767 uxorem
755 1704 900 1786 accepit.
951 1702 1190 1769 Massilienses
1212 1724 1294 1769 oon·

342 1808 397 1866 tra
419 1801 594 1879 Carolnm,
614 1801 754 1865 favente
778 1801 829 1865 cis
851 1800 1001 1884 quodam
1024 1802 1216 1867 castellano
1235 1823 1296 1868 no-

341 1901 432 1964 mine
471 1901 664 1977 Bonifacio,
704 1901 925 1982 insurgentes
964 1901 1164 1965 occiderunt
1199 1903 1294 1967 urbis

341 2000 524 2064 custodes:
548 1999 803 2082 propterquod
825 1998 973 2064 Carolus
997 1999 1216 2065 Boniiacinm
1234 2022 1294 2066 ax·

341 2117 514 2179 pugnans,
543 2099 678 2180 fugavit
705 2117 784 2162 enm
814 2098 857 2161 da
889 2099 1055 2164 comitatu
1086 2098 1294 2177 Provinciae,

341 2206 457 2261 castro
479 2198 556 2280 ejus
577 2198 621 2261 ad
644 2196 851 2261 deditionem
872 2205 1005 2262 coacto.
1057 2198 1295 2263 Massilienses

341 2315 424 2360 vero
447 2296 578 2361 diutins
603 2296 775 2372 obsidens,
802 2296 940 2360 tandem
965 2297 1115 2379 subegit,
1144 2305 1181 2361 et
1207 2298 1294 2363 sedi·

341 2395 446 2459 tionis
461 2404 621 2460 auctores
639 2395 675 2459 in
697 2401 883 2478 conspectu
905 2394 1027 2478 populi
1050 2396 1164 2478 capita
1187 2397 1293 2481 plecti

194 2525 234 2555 nno
341 2492 433 2558 fecit.
488 2493 588 2577 Papa
610 2493 775 2558 Urbanus
796 2494 936 2558 boatum
959 2494 1161 2572 Ricardum,
1176 2495 1293 2560 Gices·

340 2599 488 2656 trensem
506 2595 715 2676 episcopum,
735 2593 897 2674 catalogo
918 2601 1116 2658 sanctornm
1143 2594 1293 2677 adscrip

211 2674 233 2704 ⁰⁸
256 2675 272 2703 ¹'
340 2692 398 2754 sit.
450 2691 473 2755 J
477 2712 606 2756 oannes
627 2691 801 2769 Gervasii,
829 2693 1004 2773 quassatis
1031 2693 1151 2758 electis
1174 2713 1293 2758 monu-

339 2789 494 2868 chorum,
518 2810 540 2853 a
567 2791 705 2856 domino
732 2809 825 2874 papa
847 2791 887 2856 tit
913 2791 1097 2874 episcopus
1116 2793 1293 2858 Wintoni·

391 3387 611 3449 Enwanous
628 3384 719 3448 filins
736 3386 828 3467 regis
843 3386 993 3469 Angliae,
1010 3408 1089 3475 cum
1104 3393 1292 3456 exercitum

340 3485 517 3566 copiosum
549 3491 668 3548 contra
696 3485 882 3567 principem
914 3486 1053 3552 Wulliae
1084 3489 1293 3572 collegisset,

340 3590 377 3645 et
393 3583 463 3659 ille,
481 3585 524 3647 ad
547 3603 728 3647 nemorosa
748 3591 783 3648 et
801 3585 971 3667 palustria
992 3586 1142 3668 fugiens,
1157 3590 1289 3673 copiam

341 3699 467 3761 pugnae
490 3702 558 3746 non
587 3682 726 3759 faceret,
757 3702 778 3746 a
807 3692 907 3765 patre
934 3684 970 3748 in
1000 3686 1165 3768 Angliam
1197 3709 1292 3754 reve

180 3801 308 3841 rucuma·
341 3787 451 3843 catur.
504 3780 632 3862 Symon
649 3782 847 3847 Leicestriae
861 3803 989 3862 comes,
1006 3787 1210 3868 capitaneus
1233 3791 1291 3852 ba·

178 3851 312 3951 lilffl⁸⁸
342 3898 463 3942 ronum
492 3888 614 3942 contra
635 3901 750 3962 regem
776 3881 1028 3964 insurgentium
1054 3886 1181 3964 factus,
1202 3907 1290 3971 prae·

341 3979 415 4041 dari
441 3987 594 4060 coeperat
622 3981 713 4044 bona
738 3982 812 4062 regi
838 3981 1105 4066 adhaerentium
1141 3996 1178 4051 et
1204 4008 1292 4070 prae-

340 4079 439 4159 cipue
474 4098 591 4142 eornm
626 4080 696 4160 qui,
712 4080 854 4162 ,reginae
885 4083 1085 4161 attinentes,
1119 4106 1183 4169 per
1214 4107 1290 4151 eum

377 4224 383 4255 ¹
395 4228 483 4278 James
495 4230 528 4292 l.‚
538 4231 672 4280 sumamed
684 4231 726 4280 tho
738 4232 892 4295 conqueror,
903 4235 921 4284 i.
929 4250 952 4285 c.
962 4234 1039 4285 ottho
1052 4236 1170 4287 Balearic
1181 4239 1255 4290 lales.
