2948 4942
399 435 466 500 352
760 451 834 499 nic.
857 449 1003 498 rnrvnrr

238 619 330 709 ffipfp
401 629 479 673 cum
505 628 586 691 rege
605 608 762 672 Franciae
781 607 946 671 liniretur.
1000 606 1081 671 Rex
1101 605 1251 688 Angliae‚
1273 626 1356 689 pro·

237 719 364 768 autument
401 707 510 773 sectus
542 710 578 772 in
611 707 787 789 Angliam,
819 707 911 790 apud
939 706 976 771 S.
1006 707 1246 770 Eadmundum
1278 726 1358 789 par·

238 770 350 909 §W
400 808 599 873 liamentum
626 809 738 872 tenuit
758 809 794 871 in
817 807 968 871 crastino
986 806 1203 883 Animarum,
1227 807 1356 889 inquo

321 898 326 916 '
401 927 423 970 a
438 909 639 973 civitatibus
655 916 690 972 et
712 907 831 989 burgis
855 926 1022 970 concessa
1048 914 1102 970 est
1120 906 1193 987 regi
1216 914 1355 984 octava,

401 1027 422 1070 a
442 1009 571 1091 populo
592 1026 674 1071 vero
695 1007 827 1089 reliquo
852 1006 1055 1071 duodecima
1071 1024 1151 1088 pars
1172 1006 1354 1074 bonorum.

402 1106 526 1172 Clerus
554 1108 598 1171 ob
624 1101 924 1171 ¹constitutionem
953 1105 1124 1169 Bonisacii
1157 1124 1257 1187 papae
1289 1104 1357 1169 hoc

400 1226 491 1270 anno
522 1208 662 1283 editam,
692 1226 770 1289 quoe
802 1206 962 1287 prohibet
985 1205 1049 1268 sub
1080 1223 1185 1287 poena
1212 1224 1355 1268 excom·

401 1308 656 1383 municationis,
689 1326 732 1369 ne
765 1305 872 1369 talliae
902 1304 957 1368 vel
982 1305 1183 1369 exactiones
1212 1323 1236 1368 a
1260 1303 1355 1369 clero

402 1426 463 1489 per
492 1407 676 1471 saeculares
704 1405 876 1488 principes
904 1423 1122 1486 quocumque
1148 1402 1252 1468 modo
1279 1405 1356 1468 exi·

402 1515 542 1587 gantur,
565 1507 620 1572 vel
643 1507 692 1569 eis
712 1505 893 1569 solvantur
912 1503 1073 1568 derebus
1094 1504 1263 1581 ecclesiae,
1280 1506 1355 1585 regi

291 1625 318 1654 ¹¹¹
356 1625 379 1654 01
402 1600 478 1688 'pro
497 1625 629 1688 guerra
653 1604 785 1687 petenti
808 1603 997 1668 subsidium
1021 1604 1218 1685 denegavit.
1271 1603 1354 1668 Rex

403 1712 533 1781 autem,
550 1714 590 1768 ut
610 1704 652 1769 de
675 1705 808 1768 meliori
831 1722 997 1786 responso
1010 1704 1227 1780 deliberaret,
1248 1722 1357 1786 nego·

404 1804 490 1870 tium
529 1804 564 1867 in
598 1804 691 1867 aliud
728 1804 993 1886 parliamentum
1035 1802 1219 1867 tenendum
1258 1802 1354 1868 Lon·

403 1904 515 1968 doniis
533 1906 568 1967 in
586 1904 736 1968 crastino
754 1903 790 1967 S.
809 1902 940 1967 Hilarii
955 1902 1102 1967 distulit.

455 2004 578 2067 Frater
610 2003 737 2068 Petrus
770 2004 813 2067 de
841 2003 1020 2079 Murrone,
1053 2001 1225 2084 quondam
1262 2021 1357 2086 papa

404 2102 627 2181 Coelestinurr,
659 2123 721 2185 per
748 2102 964 2167 Bonifacium
995 2121 1121 2185 papam
1152 2110 1290 2185 ceptus,
1320 2110 1356 2167 et

402 2204 437 2266 in
459 2210 537 2267 arta
558 2203 718 2267 detentus
744 2201 913 2278 custodia,
936 2200 1056 2265 eadem
1080 2208 1215 2279 aestate,
1238 2201 1357 2266 soluto

403 2304 584 2386 praesentis
620 2302 702 2367 vitre
741 2302 931 2382 ergastulo,
969 2301 1013 2364 ud
1052 2301 1209 2366 coelestia
1245 2319 1357 2383 regnu

403 2403 578 2486 migravit.
633 2402 712 2467 Filii
735 2401 912 2478 Blanchae,
932 2400 1051 2465 uxoris
1075 2401 1249 2483 qnondam
1271 2400 1358 2466 Fer·

404 2503 515 2580 randi,
538 2502 673 2566 heredis
701 2502 799 2584 regni
822 2499 1185 2578 castellaniarum
1209 2508 1247 2565 et
1272 2500 1357 2565 Fer-

406 2602 545 2679 randuS,
574 2603 693 2666 andita
720 2608 831 2665 morte
865 2600 979 2682 patrui
1010 2600 1064 2663 sui
1095 2600 1241 2677 Sanctii‚
1268 2600 1356 2664 His-

404 2704 526 2783 panias
566 2709 709 2783 petunt;
753 2707 789 2764 et
840 2699 1078 2764 confoederato
1114 2700 1180 2764 sibi
1217 2699 1357 2765 Jacobo

405 2819 486 2882 rege
519 2799 706 2882 Aragoniae
740 2820 882 2880 regnum
911 2798 1125 2881 Legioneuse
1153 2800 1357 2882 adquirunt,

404 2900 496 2981 quod
518 2898 684 2963 Allonsus
708 2900 958 2982 primogenitus
982 2911 1106 2982 patruo
1129 2919 1193 2964 suo
1210 2898 1358 2977 Joanni,

404 2999 463 3081 qui
497 2999 532 3061 in
566 2998 641 3082 ejus
673 2998 842 3062 auxilium
871 3005 1024 3075 venerat,
1052 2999 1211 3075 contulit,
1243 3008 1283 3064 ut
1313 3000 1356 3065 de

403 3117 442 3162 se
465 3107 596 3162 teneret
623 3098 658 3160 in
682 3098 829 3162 feodum.
882 3097 998 3163 Guido
1023 3116 1139 3161 comes
1164 3097 1359 3164 Flandren·

404 3199 465 3274 sis,
494 3198 611 3261 multis
639 3217 660 3261 a
688 3218 769 3280 rege
801 3199 1014 3262 Francorum
1047 3197 1184 3280 injuriis
1213 3198 1358 3264 lacessi-

405 3307 473 3375 tus,
504 3298 743 3361 confoederans
772 3317 811 3360 se
847 3299 919 3379 regi
950 3295 1157 3378 Anglorum,
1189 3296 1358 3380 homagio

405 3398 495 3479 regis
520 3398 730 3462 Francorum
748 3397 961 3460 renuntiavit
987 3415 1049 3477 per
1067 3397 1208 3461 nuntios
1228 3398 1272 3460 ad
1291 3397 1358 3463 hoc

405 3499 539 3561 missos.

449 3597 542 3660 Urbs
576 3595 728 3678 Apamia
761 3596 936 3678 proprium
973 3597 1104 3681 recepit
1141 3596 1358 3680 episcopum,

404 3715 426 3758 a
445 3694 644 3759 Tholosano
671 3695 875 3778 episcopatu
896 3714 957 3777 per
980 3715 1106 3780 papam
1136 3694 1359 3760 Bonilacium

403 3802 584 3876 separata;
617 3793 676 3857 sed
704 3796 773 3858 cito
799 3801 878 3877 post
909 3793 1118 3872 Lodovicus,
1148 3793 1240 3858 lilius
1263 3796 1358 3878 regis

405 3894 544 3970 Sicilire,
576 3894 759 3976 episcopus
781 3886 995 3980 ³[Tholosae]
1022 3895 1149 3968 factus,
1176 3894 1360 3978 episcopa·

439 4091 447 4123 ¹
466 4093 514 4142 See
535 4092 596 4155 thio,
615 4092 733 4142 intituled
759 4093 866 4142 ‘Litera
926 4091 1014 4157 “pro
1027 4096 1126 4158 guerris
1133 4094 1189 4145 cuia
1195 4088 1210 4155 ;’
1223 4095 1264 4145 M.
1274 4100 1300 4145 et
1311 4097 1361 4145 Ar.

403 4177 478 4224 papae
490 4176 567 4224 cuper
584 4163 699 4212 libertate
716 4163 867 4213 universalio

402 4227 536 4295 eccleciae}
548 4233 574 4281 in
587 4233 664 4283 Hem.
674 4249 702 4294 p.
712 4236 769 4283 1⁰4.
927 4229 938 4260 ⁸
955 4230 1042 4285 llall’r
1053 4234 1223 4286 emendation.
