2940 4950
176 605 207 643 st.
215 603 308 642 Thomas

178 655 202 693 ol
209 654 300 703 Aquino.

338 411 404 478 288
541 382 546 395 ’
700 424 772 472 uic.
796 423 942 471 rnivnrr

339 583 404 646 hus
423 575 616 664 'disputatis
639 582 681 644 de
707 580 835 664 populo
858 581 929 644 Dm
960 587 994 644 et
1017 579 1122 656 ultra,
1145 599 1234 662 quas
1259 581 1294 643 in

341 682 447 746 Italia
479 681 681 764 disputavit.
750 679 840 744 Item
869 688 905 744 et
930 680 1068 743 tertiam
1094 688 1228 761 partem
1252 679 1295 743 de

339 782 588 863 quaestionibus
616 781 810 863 disputatis,
842 799 989 862 quarum
1011 779 1148 843 initium
1174 789 1231 843 est
1251 779 1295 843 de

339 880 551 957 Virtutibus,
575 899 662 963 quas
692 880 884 962 disputavit
916 898 994 943 cum
1018 877 1170 943 secundo
1194 878 1294 942 Pari·

340 979 400 1043 siis
434 980 574 1061 legeret.
641 979 731 1044 Item
767 978 1019 1061 disputationes
1051 977 1212 1041 undecim
1252 978 1294 1041 de

341 1078 517 1158 Quolibet,
541 1099 686 1162 quarum
717 1097 781 1142 sex
811 1078 967 1154 Parisiis,
996 1085 1033 1141 et
1055 1077 1210 1160 quinque
1234 1077 1293 1141 de·

341 1180 540 1244 terminavit
549 1181 585 1242 in
609 1179 725 1242 Italia.
771 1177 860 1242 Item
883 1184 1004 1241 contra
1027 1175 1187 1241 Gentiles
1207 1196 1293 1259 qua·

341 1287 421 1343 tuor
443 1279 548 1343 libros
576 1278 725 1361 scripsit.
779 1276 868 1341 Item
891 1277 1067 1341 Summam
1095 1276 1294 1358 theologiae,

341 1397 444 1461 qnam
468 1379 503 1442 in
523 1385 591 1440 tres
613 1385 729 1461 partes
746 1376 873 1451 divisit,
892 1385 928 1439 et
949 1376 1135 1440 secundam
1153 1377 1188 1439 in
1207 1375 1295 1440 duas

341 1486 467 1560 partes.
520 1476 636 1541 Morte
663 1485 778 1541 autem
802 1483 998 1558 praeventus
1024 1477 1162 1540 tertiam
1185 1478 1295 1540 totius

340 1586 376 1641 et
398 1578 553 1641 ultimam
575 1596 644 1640 non
671 1576 869 1658 complevit.
922 1575 1083 1654 Quatuor
1100 1575 1294 1658 Evangelia

340 1678 542 1740 continuata
559 1677 776 1759 expositione
796 1675 839 1739 de
856 1675 958 1739 dictis
979 1682 1179 1739 sanctorum
1201 1675 1295 1757 glos-

340 1776 442 1840 savit.
496 1775 674 1840 Litteralis
697 1775 802 1840 etiam
827 1775 1052 1858 expositionis
1069 1775 1104 1838 in
1125 1774 1197 1839 Job
1223 1776 1295 1840 edi·

339 1875 390 1939 dit
419 1875 545 1939 librum
578 1896 694 1939 unum.
768 1874 880 1956 Super
909 1874 1099 1957 Epistulam
1133 1894 1218 1939 vero
1251 1877 1294 1940 ad

341 1974 531 2051 Romanos,
554 1982 587 2039 et
610 1994 714 2057 super
735 1974 850 2038 decem
872 1974 1027 2055 capitula
1056 1974 1225 2057 Epistola>
1248 1975 1293 2039 ad

341 2073 553 2151 Corinthios,
592 2075 674 2137 item
710 2093 814 2156 super
850 2072 990 2151 Isaiam,
1031 2070 1218 2138 Jeremiam
1258 2086 1294 2140 et

339 2174 498 2238 Threnos
520 2174 678 2256 postillas
710 2173 926 2256 conscripsit.
980 2173 1103 2238 Libros
1130 2174 1292 2257 Dionysii

340 2274 382 2337 de
406 2274 544 2338 Divinis
572 2272 791 2350 Nominibus,
822 2281 857 2337 et
880 2272 996 2337 Boetii
1020 2271 1063 2336 de
1090 2273 1294 2338 Hebdoma-

340 2374 440 2436 dibus
469 2372 653 2456 exposuit3
686 2374 745 2436 sed
776 2392 881 2455 super
909 2372 1034 2436 librum
1065 2373 1221 2457 ejusdem
1252 2374 1294 2439 de

340 2473 511 2537 Trinitate
544 2466 805 2556 expositionem¹
843 2471 1038 2536 inchoatam
1073 2491 1292 2556 nequaquam

340 2572 494 2654 perfecit.
578 2572 750 2655 Exposuit
781 2572 885 2636 etiam
916 2572 1021 2636 libros
1057 2571 1294 2656 Philosophiae

341 2672 518 2753 plurimos,
533 2679 619 2753 puta
641 2672 867 2756 Physicorum
892 2672 997 2736 libros
1014 2679 1093 2737 octo
1109 2673 1294 2756 complete,

341 2770 431 2834 Coeli
458 2781 493 2835 et
519 2771 643 2834 Mundi
675 2774 834 2855 primum,
866 2772 1053 2835 secundum
1085 2779 1121 2836 et
1151 2773 1293 2838 tertium

342 2871 590 2948 Meteororum,
619 2872 766 2954 primum
798 2880 833 2936 et
859 2871 1045 2935 secundum
1080 2872 1121 2936 de
1153 2870 1295 2949 Anima,

340 2971 526 3034 secundum
549 2978 585 3034 et
607 2971 745 3035 tertium
768 2971 810 3035 de
836 2970 1068 3036 Generatione
1091 2981 1128 3035 et
1146 2972 1295 3056 corrup

341 3071 445 3147 tione,
468 3072 574 3134 libros
600 3069 686 3135 duos
708 3071 751 3134 de
773 3071 882 3135 Sensu
912 3078 948 3135 et
970 3071 1129 3148 Sensato,
1151 3072 1195 3136 de
1219 3073 1293 3138 Me

340 3172 449 3234 moria
474 3179 510 3234 et
537 3170 818 3234 Reminiscentia.
869 3168 1083 3234 'Ethicorum
1101 3171 1210 3236 libros
1235 3172 1293 3236 de·

340 3290 434 3348 cem;
471 3270 721 3353 Metaphysicae
752 3270 953 3348 duodecim3
987 3269 1093 3333 libros
1118 3270 1295 3335 Posterio-

341 3390 428 3447 rum‚
461 3379 496 3433 et
525 3371 671 3450 primum
706 3370 991 3445 Perihermenias,
1017 3369 1294 3455 principiumque

341 3470 482 3532 secundi
516 3469 645 3547 edidit3
669 3478 704 3534 et
729 3476 900 3533 tractatus
931 3469 1099 3545 diversos,
1133 3480 1222 3552 puta
1253 3472 1294 3535 de

251 3603 258 3617 ·
343 3569 440 3643 Fide,
468 3569 547 3651 Spe,
572 3577 608 3632 et
626 3568 794 3647 Caritate,
823 3569 867 3631 ad
892 3567 1033 3633 fratrem
1059 3568 1292 3650 Reginaldnm

340 3669 470 3730 socium
494 3688 605 3733 suum.
661 3667 750 3732 Item
781 3667 987 3732 adeundam
1011 3668 1053 3732 dc
1079 3668 1293 3735 Substantiis

340 3768 520 3848 separatis.
577 3768 666 3831 Item
697 3775 819 3831 contra
841 3769 1045 3850 magistrum
1078 3767 1292 3835 Willelmum

340 3867 382 3929 de
413 3867 540 3929 Sancto
575 3866 716 3943 Amore,
744 3875 778 3930 et
808 3868 1052 3950 impugnantes
1094 3868 1292 3952 religionem

341 4010 478 4018 ——

375 4092 447 4140 ¹Ar.
461 4096 518 4151 ⁶220,
536 4092 594 4140 here
614 4093 704 4141 inserts
725 4093 798 4141 ‘cum
861 4087 1056 4142 ²‘Ethicorum
1091 4094 1181 4157 libros,
1208 4094 1293 4144 decem

338 4157 539 4221 quaestiouibus?
828 4162 1024 4224 Metaphysicae,
1034 4163 1100 4212 duos
1115 4165 1195 4214 libros
1207 4165 1295 4214 Poste·

825 4233 919 4281 riorum
928 4231 947 4293 ;’
960 4228 1026 4282 u‘A.
