2940 4950
512 403 692 451 euvenus
1037 387 1082 451 97

123 584 143 628 a
158 564 338 645 sanguine,
355 565 390 627 in
409 564 554 628 sabbato
572 582 711 627 reverso
727 562 852 645 spiritu
865 562 952 647 ejus,
966 563 1081 647 potuit

122 657 311 746 apparere.¹

172 761 227 826 Ad
252 765 489 846 episcopatum
507 761 784 844 wigorniensem
801 763 932 827 electus
946 772 999 826 est
1017 762 1080 826 hoc

122 882 214 925 anno
231 863 475 946 Baldewynus,
492 863 599 926 abbas
620 862 817 926 Fordensis
853 861 951 927 Obiit
964 870 1078 926 autem

121 961 278 1025 Joannes
296 956 552 1039 ²CicestrensiS,
572 961 628 1026 cui
648 960 795 1025 Sisridus
816 962 1001 1027 canonicus
1023 981 1079 1025 ec·

122 1060 236 1125 clesiee
254 1061 406 1144 ejusdem
422 1062 599 1126 successit.

172 1159 355 1244 Philippus
378 1180 492 1224 comes
517 1160 794 1238 Flandrensium,
817 1161 937 1224 audita
959 1180 1077 1242 regum
1091 1173 1220 1263 {rugeam

122 1260 427 1337 confoederatione,
456 1259 583 1324 multos
615 1261 657 1324 de
683 1261 756 1324 suis
785 1267 821 1322 et
848 1260 927 1322 aliis
959 1224 1218 1324 contrameii'rh·

122 1379 236 1441 regem
272 1359 484 1423 Francorum
511 1361 716 1437 commovit3
740 1379 811 1422 rem
839 1378 881 1422 eo
900 1358 1080 1423 devenisse
1092 1323 1241 1423 mihie-

122 1458 337 1533 denuntians,
362 1466 400 1523 ut
418 1458 627 1523 munitiones
646 1478 763 1523 eorum
787 1459 1079 1535 subverterentur,

121 1559 176 1622 vel
188 1579 251 1641 pro
265 1560 356 1640 regis
370 1559 512 1623 arbitrio
522 1559 770 1641 deputarentur
783 1557 962 1621 custodiae.
995 1557 1079 1622 Fre-

121 1651 286 1722 dericum³
297 1658 400 1722 etiam
416 1659 670 1742 imperatorem,
684 1678 775 1721 nunc
785 1677 847 1739 per
857 1675 906 1734 se,
917 1677 1006 1720 nunc
1018 1677 1079 1739 per

121 1758 273 1832 nuntios,
302 1757 513 1832 sollicitavit,
537 1765 576 1822 ut
597 1760 763 1822 adversus
784 1776 899 1839 regem
922 1756 1078 1821 Franciee

120 1857 303 1937 insurgens
332 1858 465 1937 imperii
487 1857 613 1920 limites
635 1857 807 1921 dilataret.
854 1854 978 1919 Comes
997 1875 1079 1919 vero

123 1955 210 2037 ipse,
232 1955 426 2019 coadunato
450 1956 617 2032 exercitu,
639 1949 909 2019 ⁴Noviomenses
931 1956 1078 2031 attrivit,

123 2052 209 2115 fines
226 2048 564 2135 ⁵Sylvanectensium
587 2053 817 2136 depopulatus
840 2064 905 2129 est,
921 2047 1078 2116 ⁶succen-

123 2151 242 2232 ditque
266 2151 380 2225 villas,
406 2160 440 2214 et
467 2150 584 2214 vineas
611 2151 829 2234 exstirpavit.
882 2151 1078 2233 Stephanus

123 2270 247 2328 comes,
276 2250 435 2314 dominus
467 2248 601 2313 castelli
626 2249 717 2332 quod
748 2240 1078 2314 'Sacrum-Caesaris

123 2349 259 2426 dicitur,
283 2356 404 2413 contra
426 2368 541 2430 regem
564 2349 746 2430 insurgens
770 2348 945 2412 Flandriae
961 2349 1079 2412 comiti

123 2469 161 2512 se
175 2450 334 2531 subjecit.
370 2448 546 2512 Henricus
560 2468 622 2512 rex
636 2447 775 2529 Anglioe
788 2447 908 2531 junior
920 2454 955 2511 et
973 2446 1080 2512 frater

124 2549 199 2631 ojus
237 2548 409 2612 Ricardus
446 2546 645 2628 Aquitaniae
675 2548 758 2623 dux,
792 2554 892 2628 patre
925 2548 1078 2624 absente,

121 2648 273 2710 maximo
297 2646 492 2712 coadunato
521 2647 687 2723 exercitu,
713 2647 747 2709 in
773 2646 964 2710 subsidium
987 2647 1078 2727 regis

125 2746 335 2810 Francorum
362 2754 541 2822 venerunt,
564 2753 599 2809 et
621 2747 732 2827 primo
756 2745 930 2810 dominum
960 2745 1077 2822 castri,

122 2844 215 2927 quod
246 2844 555 2910 Sacrum-Caesaris
586 2844 724 2921 dicitur,
754 2844 799 2908 ad
827 2843 1075 2929 subjiciendum

123 2964 160 3008 se
180 2944 389 3008 Francorum
407 2945 499 3025 regis
516 2943 639 3025 gratiae
656 2943 906 3026 compulerunt.
944 2944 1077 3007 Deinde

125 3043 388 3107 Flandrensium
411 3043 570 3106 comitem
596 3052 753 3106 coactum
776 3043 812 3106 in
836 3043 967 3123 sugam,
988 3043 1076 3106 etin

123 3142 267 3205 castello
277 3142 319 3204 de
330 3140 451 3222 Crespi
470 3148 656 3221 receptum,
672 3141 896 3216 obsedissent,
913 3142 978 3205 uisi
993 3160 1077 3222 quo-

122 3239 269 3303 rundam
287 3258 427 3303 suorum
444 3239 622 3303 consilium
639 3238 842 3303 obstitisset.

159 3490 166 3522 ¹
184 3493 232 3542 See
251 3492 293 3541 the
312 3505 381 3540 same
403 3489 493 3552 legend
517 3504 584 3538 more
609 3505 658 3552 pur
674 3490 805 3552 prophete,
826 3490 848 3538 h
866 3490 971 3551 plusurs
988 3487 1078 3538 choses

121 3568 149 3613 ut
163 3564 234 3624 large
252 3563 277 3610 in
295 3562 421 3610 Robertue
437 3561 469 3609 de
488 3560 586 3622 Monte,
609 3560 685 3609 escrit
696 3559 780 3645 prdist
789 3559 832 3609 del
848 3567 929 3620 temps
945 3573 994 3620 que
1008 3563 1077 3607 esta

122 3632 193 3731 “plld‘
205 3633 550 3764 ?ffissbssx⁸g?ss}gmngjs
561 3699 585 3760 ς’
610 3644 680 3728 vell:
690 3629 884 3749 hgoghhsem
895 3692 911 3760 ;'
931 3699 970 3747 Μ.
987 3701 1010 3745 et
1028 3695 1076 3746 Ar.

123 3767 192 3821 ΠΛ.
611 3769 679 3818 Now
690 3769 791 3830 Noyon.

157 3839 167 3868 ³
183 3843 191 3869 ‘
205 3841 245 3888 En
261 3840 285 3889 le
297 3844 378 3900 temps
393 3840 442 3888 cist
453 3852 585 3899 emperour
644 3835 654 3867 ⁶
673 3839 740 3887 Now
750 3838 842 3887 seniis.

123 3910 276 3971 Frederique
311 3910 386 3958 estoit
416 3923 448 3957 en
476 3908 584 3957 Celebre
645 3905 822 3958 “succendit
830 3902 845 3965 ;'
857 3909 896 3956 M.
907 3911 931 3955 et
942 3904 991 3953 Ar.

119 3976 205 4029 l’abbe
216 3979 351 4041 Joachym,
365 3979 410 4040 qui
426 3978 502 4027 estoit
511 3983 585 4027 tenus
644 3974 654 4006 ⁷
673 3979 740 4027 Now
751 3979 883 4026 Suucerre.
