2940 4950
253 3711 288 3751 110
297 3712 358 3751 takes

252 3772 310 3801 anns
319 3762 341 3800 ln

251 3812 263 3850 f
260 3822 326 3851 nnnnn
337 3811 360 3850 ot

252 3862 287 3901 bb
297 3863 372 3909 lether,

405 440 472 505 264
760 455 833 504 ruc.
849 455 997 505 rmvnrr

407 611 605 675 Gilebertns
632 609 759 674 milites
787 608 918 674 nobiles
944 609 988 673 de
1018 607 1191 685 Marchia‚
1214 629 1362 692 qnorum

407 730 512 794 supra
532 711 625 774 facta
648 718 703 774 est
726 710 867 788 mentio,
889 728 978 792 quos
996 708 1072 793 jam
1095 728 1213 773 comes
1232 708 1362 792 Symon

407 810 520 874 edicto
545 809 681 892 publico
707 829 851 892 reguum
869 828 1039 873 evacrrare
1057 808 1224 892 jusserat,
1248 828 1364 874 accer-

408 911 494 974 sitos
515 909 644 973 foedere
669 909 736 973 sibi
752 909 882 993 jungit.
934 901 1134 972 ¹Anxernnt
1160 927 1279 972 eorum
1306 928 1363 973 so·

409 1010 567 1074 cietatem
595 1009 750 1073 Joannes
781 1007 824 1073 de
849 1007 1028 1072 Warenna
1057 1007 1218 1093 Surreyae
1240 1015 1278 1073 et
1297 1008 1364 1072 Sn-

409 1110 529 1186 sexiae,
555 1117 590 1173 et
621 1108 817 1173 Willelmus
849 1108 892 1172 de
923 1107 1096 1172 Valentiis
1123 1106 1364 1184 Penbrocbiae,

409 1209 565 1286 comites,
582 1209 617 1271 in
633 1207 863 1272 occidentales
885 1216 1002 1290 partes
1019 1206 1161 1271 Walliae
1183 1226 1247 1290 per
1269 1225 1364 1271 mare

409 1308 556 1385 devecti,
573 1318 609 1372 et
626 1306 851 1372 Penbrochiae
868 1306 1094 1390 applicantes.

461 1406 586 1472 Comes
620 1407 761 1491 Symon,
798 1426 914 1489 regem
950 1424 1067 1471 secum
1092 1405 1234 1483 ducens,
1270 1405 1364 1470 Her-

410 1507 555 1571 fordiam
579 1507 819 1590 proficiscitur,
840 1505 986 1571 collecta
1011 1524 1116 1570 manu
1137 1505 1256 1570 valida
1276 1524 1365 1589 prm·

409 1607 521 1670 dictos
563 1606 688 1671 milites
727 1614 887 1689 potenter
926 1604 1114 1687 disponens
1156 1606 1364 1688 opprimere.

412 1704 555 1769 Interim
574 1725 636 1788 per
653 1705 819 1787 quosdam
834 1704 1046 1769 elaboratum
1062 1711 1117 1769 est
1132 1704 1311 1788 praelatos,
1325 1713 1366 1770 nt

410 1806 553 1869 comites
585 1804 783 1869 Leicestriae
814 1814 850 1869 et
878 1803 1077 1868 Gloveruiae
1105 1805 1149 1869 ad
1182 1805 1365 1887 pristinam

412 1904 657 1968 reducerentur
685 1905 871 1983 unitatem3
906 1903 967 1968 sed
996 1903 1081 1967 nihil
1111 1904 1279 1987 proficere
1302 1923 1365 1987 po·

412 2012 562 2068 tnerunt.
615 2004 708 2067 Dum
735 2011 851 2068 autem
879 2003 954 2067 haec
980 2011 1144 2086 aguntur,
1173 2003 1367 2068 Edwardus

412 2103 504 2167 filius
537 2104 629 2185 regis
663 2104 698 2167 in
731 2112 847 2168 castro
879 2101 1076 2167 Hersordiae
1107 2105 1172 2168 sub
1206 2104 1366 2168 custodia

412 2204 585 2281 detentus,
614 2222 781 2287 equorum
809 2223 911 2267 cursu
942 2222 980 2266 se
1007 2222 1168 2268 exercere
1196 2204 1232 2266 in
1264 2211 1366 2287 prato

412 2304 561 2386 quodam
593 2311 695 2367 extra
726 2303 846 2366 urbem
877 2322 900 2367 a
924 2302 1125 2367 custodibus
1155 2304 1368 2385 permittitur

413 2405 528 2484 gratia
555 2402 749 2486 spatiandi;
782 2402 842 2485 qui
870 2402 1015 2467 tentatis
1041 2401 1198 2485 pluribus
1225 2413 1263 2467 et
1288 2422 1366 2468 cur-

413 2503 520 2567 rendo
534 2503 701 2585 fatigatis,
719 2502 856 2566 tandem
876 2520 982 2566 unum
996 2521 1099 2585 quem
1116 2501 1264 2567 electum
1282 2503 1366 2567 scie-

414 2603 475 2667 bat
505 2603 694 2666 ascendens
720 2601 933 2664 dextrarium
963 2621 1159 2685 urgensque
1185 2621 1265 2666 eum
1295 2602 1366 2666 cal·

414 2702 563 2778 caribus,
600 2701 801 2766 custodibus
832 2700 1012 2778 valedixit,
1051 2701 1269 2784 transitoque
1302 2701 1367 2765 tlu-

415 2802 506 2863 mine
534 2800 626 2883 quod
655 2800 746 2882 Wey
772 2799 910 2877 dicitur,
940 2819 1019 2864 cum
1040 2800 1175 2865 duobus
1199 2800 1368 2865 militibus

415 2909 451 2963 et
475 2911 625 2982 quatuor
645 2900 817 2964 scutiferis
838 2900 1006 2983 propositi
1033 2901 1088 2964 sui
1109 2901 1270 2978 consciis,
1294 2921 1368 2965 ver·

415 3019 474 3062 sus
509 3007 661 3062 castrum
695 2999 738 3063 de
770 2998 974 3081 Wiggemor
1007 2999 1125 3082 dirigit
1153 3000 1221 3066 iter
1255 3019 1368 3065 snum.

417 3098 644 3180 Insequentes
674 3117 757 3162 vero
786 3118 865 3162 eum
894 3099 1067 3178 custodes,
1095 3118 1173 3164 cum
1201 3099 1370 3165 vidissent

417 3198 547 3263 vexilla
575 3198 790 3262 dominorum
819 3199 951 3280 Rogeri
980 3200 1023 3263 de
1057 3198 1304 3264 Mortuo-mari
1334 3208 1369 3264 et

417 3298 550 3378 Rogeri
575 3299 617 3362 de
650 3297 805 3374 clifford,
835 3298 1005 3363 Eduardo
1030 3298 1066 3361 in
1094 3299 1218 3364 salutis
1248 3301 1368 3382 praesi-

416 3398 508 3460 dium
542 3399 807 3475 occurrentium,
846 3398 956 3462 delusi
992 3398 1214 3462 Hersordiam
1255 3419 1369 3463 rever·

418 3505 547 3561 tuntnr.
602 3498 748 3561 Factum
770 3505 824 3562 est
839 3498 931 3561 istud
953 3499 989 3560 in
1009 3497 1227 3562 hebdomada
1245 3498 1369 3563 Pente·

416 3605 540 3672 costes,
571 3599 716 3661 consilio
747 3607 781 3662 et
808 3597 978 3662 industria
1008 3598 1155 3661 militnm
1185 3600 1368 3680 praedicto·

416 3714 504 3759 rum.
558 3697 749 3760 Edwardus
788 3698 895 3779 igitur
933 3716 955 3760 a
993 3697 1154 3762 custodia
1190 3697 1369 3775 liberatus,

416 3795 612 3860 coadunato
634 3797 790 3860 exercitu
818 3816 958 3878 magno,
982 3797 1099 3861 multis
1120 3797 1165 3862 ad
1189 3818 1269 3862 eum
1291 3818 1369 3863 cou-

417 3894 615 3971 fluentibus,
643 3897 828 3960 comitatus
853 3896 1371 3980 Herfordensem,Wigornien-

416 4015 500 4071 sem,
528 3995 776 4076 Salopieusem,
806 3994 1024 4060 cestrensem
1059 4017 1132 4061 suae
1167 4000 1258 4080 parti
1289 4018 1369 4062 con-

717 4228 722 4257 ¹
741 4231 894 4282 ‘Duxerunt
904 4227 920 4292 ;'
932 4233 971 4282 M.
982 4237 1007 4281 et
1018 4232 1066 4283 Ar.
