2948 4942
417 471 462 534 44
782 481 854 528 mc.
870 477 1019 527 curvum

417 639 579 702 Caesarea
609 635 774 718 Philippi,
802 642 838 700 et
863 655 884 698 a
915 632 1096 698 Saracenis
1121 637 1225 714 capta
1256 640 1294 696 et
1314 632 1379 697 de·

416 745 550 801 structa
576 737 741 811 totaliter,
771 742 898 819 praeter
926 734 1002 816 ejus
1027 733 1250 796 munitionem
1275 732 1380 813 prin·

416 836 573 918 cipalem.
626 836 706 899 Rex
740 833 973 910 BaldewinuS,
998 831 1133 896 insidiis
1158 831 1381 895 circumven-

418 944 486 1010 tus,
517 935 576 997 vix
601 935 734 1011 evasit;
775 933 941 1014 illataque
969 941 1023 995 est
1054 938 1191 1013 strages
1217 929 1380 993 maxima

418 1033 635 1097 Christianis.

287 1561 302 1589 ι
470 1524 708 1587 Fannnrucus
747 1523 944 1603 imperator,
976 1519 1084 1602 Alpes
1119 1526 1199 1602 post
1230 1518 1377 1585 Pascha

255 1610 309 1639 ’Μ’
332 1626 337 1637 “
418 1623 602 1698 transiens,
622 1621 756 1684 obsedit
771 1620 1027 1697 Mediolanum
1058 1628 1105 1696 et,
1127 1625 1207 1701 post
1227 1617 1376 1701 longam

418 1719 640 1795 obsidionem,
665 1719 797 1782 reddita
822 1720 906 1782 urbe
933 1719 1153 1801 acceptisque
1178 1716 1376 1796 obsidibus,

419 1818 588 1898 disposuit
602 1818 646 1880 ad
662 1819 916 1900 oppressionem
928 1817 1095 1881 Willelmi
1110 1817 1202 1898 regis
1223 1809 1375 1882 ¹siciliae

419 1916 614 1998 procedere,
632 1924 735 1998 prout
753 1916 826 1998 ipse
843 1925 879 1979 et
896 1915 1064 1979 Emanuel
1080 1915 1268 1997 imperator
1279 1914 1375 1979 Con-

257 2056 362 2097 „mhof
420 2014 750 2096 stantinopolitanus
782 2015 871 2077 inter
901 2034 939 2078 se
967 2014 1206 2077 condixerant.
1271 2012 1375 2077 Mor·

255 2107 407 2203 ffffiffl
420 2123 480 2177 tuo
514 2112 684 2189 Galfrido,
712 2113 818 2176 fratre
850 2113 942 2193 regis
972 2110 1125 2193 Angliae,
1160 2111 1218 2192 qui
1250 2130 1374 2177 comes

254 2205 374 2295 ffl‘f'
421 2212 653 2276 Naunctensis
679 2220 765 2288 erat,
787 2211 951 2275 Conanus
973 2211 1045 2273 dux
1070 2210 1258 2274 Britanniae
1285 2211 1377 2275 civi·

418 2318 524 2375 tatem
545 2311 775 2375 Nanneticam
792 2311 983 2391 occupavit.

254 2431 367 2472 intenae
470 2410 655 2486 Henricns,
667 2429 730 2472 rex
741 2407 946 2490 Anglorum,
958 2428 1072 2472 mense
1082 2407 1243 2490 Augusto
1257 2415 1375 2473 trans·

253 2482 392 2580 {timim
417 2509 558 2572 fretavit
583 2510 618 2570 in
644 2507 905 2585 Normanniam,
928 2508 1188 2590 collocutusque
1210 2514 1264 2570 est
1287 2527 1372 2573 cum

255 2581 378 2621 ”⁰¹¹¹'VH'
417 2627 498 2688 rege
516 2606 739 2682 Francorum,
760 2626 864 2689 super
880 2606 1021 2669 fluvium
1037 2600 1195 2682 2Etham,
1210 2605 1254 2669 de
1266 2624 1371 2687 pace,

417 2713 453 2767 ct
481 2704 699 2768 matrimonio
736 2704 968 2769 contrahendo
1005 2705 1094 2768 inter
1123 2704 1230 2768 filium
1263 2723 1372 2770 suum

418 2803 608 2866 Henricum
641 2810 676 2866 et
702 2802 936 2884 Margaretam
966 2803 1072 2867 filiam
1099 2805 1190 2885 regis
1212 2802 1372 2869 Franco·

417 2921 504 2979 rum,
529 2902 762 2984 praestitisque
785 2901 863 2964 hinc
879 2903 958 2965 inde
973 2922 1077 2985 super
1092 2902 1156 2966 hoc
1171 2920 1373 2967 sacramen-

418 3003 472 3077 tis,
501 3022 563 3065 rex
583 2999 722 3083 Angliae
745 3001 840 3064 venit
868 3000 1178 3082 Argentomagum,
1203 3001 1262 3064 ubi
1285 3020 1371 3066 con-

417 3120 546 3164 vocans
569 3101 771 3175 exercitum,
794 3098 964 3180 disposuit
990 3101 1153 3165 invadere
1182 3098 1369 3165 conanum

416 3199 535 3261 ducem
555 3199 758 3274 Britanniae,
781 3217 843 3279 pro
860 3198 1037 3262 invasione
1059 3198 1264 3261 Nanueticae
1280 3198 1370 3262 civi·

417 3298 511 3361 tatis.
559 3297 701 3361 Interim
720 3316 814 3372 vero,
836 3316 898 3377 per
919 3317 1034 3378 regem
1055 3297 1265 3361 Francorum
1281 3316 1369 3362 evo·

415 3403 525 3471 catus,
549 3417 625 3462 cum
649 3395 769 3478 paucis
792 3395 887 3459 venit
913 3389 1095 3472 ⁸Parisios,
1119 3404 1155 3459 et
1177 3396 1369 3461 inaestima-

416 3495 475 3558 bili
503 3496 631 3560 honore
653 3516 674 3559 a
698 3514 778 3575 rege
803 3493 991 3565 Lodovico,
1018 3504 1053 3558 et
1078 3494 1282 3558 Constantia
1309 3514 1368 3559 re·

416 3593 508 3672 gina,
526 3595 692 3675 regnique
709 3595 906 3675 proceribus
923 3601 977 3656 est
994 3601 1170 3676 exceptus.
1211 3591 1369 3669 Rediens

416 3699 530 3753 autem
550 3691 652 3754 filiam
677 3692 769 3772 regis
786 3692 996 3756 Francorum
1017 3712 1132 3756 secum
1155 3691 1266 3767 duxit,
1288 3691 1368 3757 Ro·

416 3789 580 3871 bertoque
598 3790 640 3852 de
657 3788 883 3873 Novoburgo,
900 3793 975 3855 viro
991 3791 1096 3854 nobili
1112 3798 1147 3854 et
1165 3788 1268 3867 fideli,
1292 3799 1369 3855 tra-

251 3887 501 3961 canayoadidit
525 3888 748 3950 nutriendam.
802 3889 923 3953 Mense
940 3910 1020 3953 vero
1043 3889 1248 3972 Septembri,
1271 3908 1370 3955 nono

248 3963 401 4059 iim*
414 3986 480 4050 cai.
498 3986 670 4061 Octobris,
694 3995 795 4051 natus
819 3997 871 4051 est
887 3990 959 4070 regi
982 3989 1083 4065 filius,
1106 4008 1207 4071 quem
1223 3991 1370 4056 vocavit

250 4064 306 4112 sept.
317 4064 349 4102 es.

448 4169 456 4201 ¹
473 4165 604 4229 ‘siciliaess
616 4171 719 4220 omitted
730 4172 756 4219 in
768 4166 835 4220 D’A.
933 4169 943 4199 ³
955 4173 998 4220 All
1010 4172 1052 4220 tbo
1066 4173 1140 4223 MSS.
1153 4172 1204 4221 aud
1217 4167 1284 4222 ΠΛ.
1297 4172 1367 4225 have

448 4238 458 4267 ²
473 4243 481 4268 ‘
494 4237 591 4303 Etum5'
604 4241 643 4290 M.
897 4244 904 4269 ‘
919 4242 1053 4292 Persius:
