2940 4950
574 426 747 476 raasson.
1071 406 1134 469 xix

185 579 329 637 Vsualem
344 578 497 636 decantans
513 577 651 636 Sacerdos
667 576 873 652 praefationem.
1149 585 1270 672 alm,

186 675 221 732 M
231 674 353 732 ultitudo
367 673 565 751 prefationum
580 672 742 749 specialium
756 671 860 749 quibus
875 669 1004 728 Ecclesia
1017 668 1115 726 utitur.
1149 692 1219 723 name.

184 826 216 883 H
225 826 290 883 abet
305 826 465 904 Epiphania
478 825 673 899 prefationem
687 822 846 881 secundam.

186 921 213 977 V
224 921 309 978 titur¹
327 921 455 979 Ecclesia
470 921 554 978 tertia
566 920 734 997 praefatione
748 920 778 975 in
792 916 1027 992 Quadragesima.

187 1016 215 1072 N
224 1035 257 1073 ec
271 1014 471 1093 praetereunda
484 1023 528 1072 est
542 1025 643 1091 quarta
657 1014 787 1091 praefatio
802 1012 837 1069 de
852 1013 954 1070 Cruce.

186 1112 333 1170 Cantetur
347 1110 377 1167 in
392 1111 521 1168 Pascha2
535 1112 634 1187 quinta
648 1109 795 1166 Praefatio.

187 1263 319 1340 Tangit³
333 1271 412 1318 sexta
428 1261 562 1319 Praefatio
575 1262 630 1318 tria
644 1260 799 1336 spectantia
812 1258 848 1315 ad
861 1258 1006 1315 materiem
1021 1255 1111 1313 leudis

309 1357 435 1413 Divinae.

188 1452 283 1509 Ratio
297 1450 388 1508 laudis
403 1451 519 1507 Divinae
533 1451 562 1506 in
577 1449 745 1526 praefatione
760 1449 885 1524 septima.

188 1546 241 1603 Ad
255 1547 393 1603 honorem
408 1546 589 1604 Tarrtrrsrrs
604 1553 735 1602 cantatur
749 1552 848 1600 octava
861 1542 1000 1620 praefatio.

189 1643 336 1701 Cantetur
350 1643 378 1698 in
393 1641 501 1699 honore
516 1641 613 1698 Beatae
628 1641 755 1716 Virginis
768 1658 843 1696 nona
856 1638 996 1716 praefatio.

189 1737 325 1795 Tandem
340 1739 367 1794 in
383 1737 550 1814 praefatione
564 1737 598 1794 de
616 1736 761 1813 Apostolis
775 1755 839 1811 quae
854 1743 897 1792 est
911 1733 1027 1791 decima.

189 1834 216 1889 A
232 1841 291 1889 toto
306 1833 403 1891 Choro
417 1841 546 1890 cantatur
559 1833 682 1911 hymnus
696 1832 744 1910 qui
759 1831 926 1889 Tarsaurorr
941 1829 1107 1906 appellatur.

190 1927 335 1985 Trahitur
352 1947 455 1985 nomen
478 1928 603 1986 Canonis
624 1947 641 1984 a
663 1928 776 1996 Graeco,
798 1926 874 2003 quod
896 1925 996 1982 Latine
1029 1924 1137 2002 [tepula

311 2024 521 2099 interpretatur.

192 2117 329 2173 Vtilitate
343 2126 436 2173 autem
453 2117 638 2192 offerentium
653 2136 751 2173 eorum
766 2135 817 2193 pro
831 2117 933 2192 quibus
947 2116 979 2173 fit
992 2116 1106 2173 oblatio.

192 2210 371 2268 Memoriam
384 2211 453 2267 facit
468 2209 567 2267 deiude
584 2209 721 2267 Sacerdos
737 2209 913 2268 Sanctorum.

194 2359 357 2421 Concludit
378 2360 490 2419 demum
512 2360 580 2437 quid
600 2379 651 2438 per
674 2360 844 2418 oblationem
866 2359 980 2416 Hostiae
1001 2361 1037 2417 sit
1057 2361 1145 2438 impe·

315 2456 457 2513 trandum.

195 2551 276 2609 Orat
291 2550 391 2608 deinde
407 2549 545 2609 Sacerdos
559 2551 692 2608 virtutem
707 2550 889 2608 consecrandi
903 2551 1063 2627 implorans.

195 2647 229 2704 M
238 2647 323 2704 odum
337 2666 394 2722 quo
410 2646 542 2705 Christus
556 2646 740 2714 consecravit,
757 2644 894 2704 Sacerdos
909 2655 1131 2703 consecraturus.

195 2743 274 2800 Post
299 2744 540 2801 consecrationem
568 2743 703 2820 Corporis
732 2742 878 2818 subjungit
906 2743 1145 2800 consecrationem

317 2837 477 2915 Sanguinis.

195 2933 324 3011 lmplcta
339 2933 560 3000 consecratione,
574 2931 705 2989 sacerdos
719 2931 835 2989 brachia
848 2931 985 2990 extendit.

197 3029 319 3087 Laxatis
338 3038 432 3085 autem
453 3027 577 3085 brachiis
597 3028 633 3084 ab
654 3027 817 3085 extensione
838 3027 996 3086 Sacerdos⁴
1016 3027 1086 3104 petit
1099 3046 1147 3090 ac·

319 3125 513 3200 captationem.

199 3222 228 3276 A
237 3217 355 3275 uxilium
369 3219 469 3294 gratiae
483 3227 548 3295 post
562 3216 624 3274 haee
639 3217 793 3293 implorans
809 3217 957 3275 Sacerdos.

200 3314 247 3370 Vt
262 3312 364 3369 etiam⁵
378 3314 467 3389 prosit
483 3312 544 3368 haec
559 3311 663 3370 oblatio
678 3311 824 3370 defunctis

199 3409 306 3487 Ipsum
327 3407 448 3465 eundem
469 3407 599 3481 ellectum
622 3406 796 3465 Sacramenti
817 3428 873 3484 quo
894 3407 930 3464 ad
943 3408 1063 3484 gloriam
1079 3408 1148 3466 viris

320 3503 484 3580 implorans.
1182 3570 1184 3574 ι

201 3596 496 3660 Terminato⁶autem
512 3598 629 3656 Canone
644 3598 816 3656 mentionem
837 3599 904 3660 facit
923 3600 958 3657 de
973 3599 1149 3659 Mediatione

323 3694 439 3753 Christi.

238 3815 244 3846 ¹
262 3818 368 3866 ‘Utitur
384 3821 469 3866 autem
480 3818 590 3867 eeclesia
601 3821 661 3866 tem-
724 3816 733 3844 ⁴
748 3819 909 3869 ‘Sacerdotis
928 3821 961 3869 ab
980 3821 1125 3869 extemione
1135 3815 1152 3879 3'

200 3903 261 3949 porc
277 3886 499 3949 Quadragesimali
515 3886 662 3949 praefatione
688 3888 755 3938 Har.
767 3892 840 3940 8⁷68.

201 3956 486 4084 milliissssglisa
724 3987 734 4016 ⁸
750 3990 757 4016 ‘
772 3991 838 4039 Haec
854 3991 947 4040 oblatio
964 3990 1044 4052 prosit
1054 3984 1068 4050 ;’
1087 3988 1153 4038 Har.

236 4091 247 4125 ⁸
264 4095 428 4179 ‘Tanguntur
438 4095 465 4142 in
481 4100 554 4145 sexta
566 4093 664 4144 Praefa·
690 4061 762 4107 'ms'

201 4165 268 4214 tione
280 4165 338 4226 trin,
356 4168 420 4225 etc.;
439 4163 475 4214 id.
726 4157 737 4189 ⁶
752 4159 936 4210 ‘Terminando
943 4155 958 4218 ;'
976 4159 1011 4207 id.
