2940 4950
563 420 748 470 annuens.
1096 410 1141 474 79

186 589 320 644 noctem
339 587 448 646 totam
465 581 672 646 continuans
687 582 856 663 vigilavit.
901 581 1006 646 Mane
1022 589 1138 647 autern
1151 597 1192 638 1¹¹·
1200 607 1300 647 renuet·

186 679 278 744 facto
304 680 492 763 capitulum
519 682 710 764 ingressuS,
741 683 777 745 in
805 690 941 746 tautum
971 702 1008 746 se
1031 682 1138 745 humi-

186 779 287 844 liavit
301 781 345 843 ad
367 780 620 862 poenitentiam,
642 788 681 846 ut
697 782 897 846 verberibus
919 802 957 845 se
978 781 1140 846 subderet

187 873 454 946 monachorum.¹
512 881 580 946 Die
612 890 740 958 autem,
770 900 840 964 qua
865 900 887 944 a
914 889 1036 945 sancto
1063 880 1251 952 loconuaco.

185 979 339 1055 recessit,
370 986 493 1061 captus
527 988 581 1045 est
610 980 820 1057 Willelmus,
848 1000 909 1044 rex
944 981 1083 1058 Scotiae,
1119 957 1302 1053 adddiffi

186 1078 371 1142 baronibus
399 1078 626 1144 Eboracensis
654 1079 850 1162 provinciae,
875 1080 966 1161 apud
990 1057 1251 1144 Alnewi-⁹‘¹⁸⁰'¹“'

186 1197 286 1255 cum;
309 1179 381 1261 qui,
404 1197 446 1242 ea
468 1186 604 1255 aestate,
626 1199 704 1242 cum
730 1178 871 1260 Rogero
894 1178 936 1241 de
957 1178 1141 1262 Moubray,

188 1284 223 1340 et
247 1277 323 1341 aliis
353 1278 589 1359 complicibus,
611 1280 648 1342 in
678 1277 832 1343 favorem
863 1279 954 1359 regis
979 1278 1140 1361 junioris,

187 1377 406 1458 aquilonares
439 1387 555 1459 partes
586 1376 725 1459 Angliae
752 1377 1008 1441 devastaverat.
1061 1376 1140 1441 Rex

187 1475 305 1558 itaque
333 1477 461 1554 senior,
499 1484 598 1542 tanto
637 1476 852 1541 exhilaratus
887 1477 1021 1553 nuntio,
1048 1476 1142 1540 sacta

187 1594 273 1657 pace
302 1596 380 1640 cum
414 1577 568 1658 Hugone
600 1577 736 1660 Bygod,
759 1585 795 1641 et
823 1577 946 1659 positis
976 1577 1012 1639 in
1042 1576 1142 1640 firma

188 1676 345 1740 custodia
374 1677 549 1741 Willelmo
584 1676 767 1742 Scotorum
800 1696 881 1758 rege
916 1681 951 1739 et
985 1675 1242 1748 Robertonemyo

188 1773 397 1855 Leycestriae
423 1777 559 1854 comite,
586 1796 662 1840 curn
692 1776 770 1840 aliis
800 1794 917 1840 eorum
946 1776 1141 1853 comitibus,
1151 1760 1243 1789 ’Μ’

188 1876 373 1937 revertitur
406 1876 442 1938 in
473 1874 737 1951 Normanniam,
776 1875 994 1958 pacificatam
1036 1876 1141 1939 relin-

188 1990 298 2052 quens
323 1971 498 2053 Angliam,
517 1994 621 2056 quam
643 1975 713 2037 sere
739 1976 920 2057 perditam,
941 1974 977 2038 in
998 1975 1143 2056 triginta

189 2064 417 2151 recuperavit²
435 2071 565 2135 diebus

239 2166 393 2232 Veniens
412 2176 528 2232 autem
547 2169 806 2251 Rothomagum
828 2190 906 2234 cum
923 2171 1143 2234 multitudine
1154 2196 1305 2235 nemum

136 2301 145 2314 ·
190 2265 433 2345 Wallensium,
454 2268 549 2331 misit
564 2287 624 2331 eos
646 2275 742 2332 trans
764 2268 944 2344 Secanam,
968 2276 1008 2331 ut
1030 2270 1065 2331 in
1086 2245 1284 2332 ne-N⁰'¹'¹⁸¹¹‘¹'’

189 2367 342 2430 moribus
362 2366 528 2431 victualia
547 2367 745 2450 diriperent,
767 2387 845 2450 quae
868 2368 912 2430 ad
932 2367 1141 2431 Francorum

187 2466 376 2529 exercitum
403 2467 624 2531 vehebantur.
676 2461 817 2530 ³Franci
844 2466 974 2549 itaque,
1000 2487 1045 2530 ex
1073 2486 1143 2530 una

189 2574 288 2647 parte
303 2564 462 2630 timentes
480 2586 607 2647 regem,
623 2573 718 2631 etex
735 2573 835 2649 parte
850 2566 919 2629 alia
934 2562 1142 2648 Wallenses,

189 2665 233 2728 ad
247 2685 362 2747 regem
381 2665 574 2748 Anglorum
590 2665 633 2729 de
646 2685 731 2748 pace
749 2666 960 2731 conveniunt
980 2667 1140 2731 locuturi.

189 2763 394 2846 Superque
425 2765 565 2829 laetatus
598 2785 672 2842 rex,
704 2766 886 2830 terminum
915 2765 1141 2830 reformandae

188 2865 296 2945 pacis,
314 2865 405 2946 apud
424 2864 629 2941 Gisortium,
651 2867 776 2930 statuit
794 2861 920 2929 festum
935 2862 1141 2930 Nativitatis

189 2962 346 3044 Virginis
360 2963 530 3046 gloriosae.
585 2963 628 3027 In
647 2964 766 3046 vigilia
783 2983 865 3029 vcro
882 2963 1140 3047 Assumptionis

186 3063 300 3126 beatae
323 3061 459 3140 Mariae,
476 3062 605 3127 omissa
628 3064 805 3127 obsidione
830 3063 1054 3146 Rothomagi,
1078 3085 1139 3127 ex-

188 3161 316 3224 ercitus
350 3161 561 3225 Francorum
588 3161 757 3226 discessit.
826 3160 1043 3226 Adveniente
1071 3170 1139 3226 ter·

187 3259 281 3323 mino
307 3259 534 3324 reformandae
551 3261 647 3343 pacis
671 3269 906 3325 convenerunt
928 3270 1057 3343 partes,
1080 3262 1140 3324 sed

189 3358 275 3422 nihil
302 3359 520 3441 proficientes
549 3359 654 3423 alium
692 3358 875 3423 terminum
912 3359 948 3426 in
980 3359 1070 3422 sesto
1105 3358 1140 3422 S.

189 3457 373 3522 Michaelis
407 3458 514 3542 juxta
549 3459 725 3523 civitatem
753 3458 904 3522 Turonis
932 3465 1140 3523 statuerunt.

189 3556 326 3636 Quibus
343 3558 399 3622 die
416 3565 451 3624 et
466 3558 543 3622 loco
557 3558 681 3622 iterum
699 3557 952 3636 convenientes,
976 3578 1047 3641 pax
1062 3578 1141 3641 pro·
1153 3571 1292 3662 mast

188 3658 297 3735 venit,
312 3665 348 3722 et
362 3664 431 3721 tres
446 3658 538 3739 regis
557 3657 617 3720 lilii
631 3658 723 3739 patri
739 3676 803 3722 suo
819 3677 857 3721 se
873 3657 1047 3722 humiliter
1061 3660 1141 3722 sub·
1154 3673 1236 3712 tortu·

186 3757 357 3821 didernnt.
399 3756 477 3821 Rex
493 3765 609 3821 autern
630 3758 842 3822 Francorum
856 3765 890 3821 et
906 3777 1020 3821 comes
1040 3758 1142 3821 Flan-

177 3964 179 3967 ’
224 3984 232 4016 ¹
245 3986 368 4048 Compare
379 3986 503 4048 Gervese,
514 3987 548 4036 X.
560 3987 652 4049 Script.
714 3981 961 4049 ’‘recuperaverit3'
973 3983 1042 4034 D'A.

188 4057 236 4107 col.
248 4060 329 4115 142⁷,
347 4056 402 4104 also
415 4056 534 4118 Herbert,
549 4071 582 4105 au
594 4072 652 4119 eye-

187 4128 301 4258 gvitffips,
312 4125 382 4188 apud
394 4126 531 4190 Remulus,
541 4127 650 4176 volxix.
712 4122 722 4152 ³
734 4120 875 4184 ‘Francii3'
886 4125 925 4172 M.
