2940 4950
508 460 691 509 anninus.
1007 445 1073 511 227

119 620 203 679 tuuc
213 633 259 681 ex
274 632 402 695 magna
417 624 517 696 parte
530 618 776 697 patrimonium
789 611 958 685 'ccclesiae
971 639 1070 685 occu-

119 722 277 798 paverat,
306 714 528 779 obsederetur
555 717 591 779 iu
621 718 715 793 urbe,
739 719 860 783 videns
892 720 1070 785 Romanos

117 833 219 896 poene
238 834 357 879 omnes
381 834 444 898 per
469 816 650 897 pecuniam
673 837 749 882 esse
774 827 966 902 corruptos,
990 814 1069 885 ²en-

117 912 238 979 bibens
271 915 389 998 capita
418 914 666 997 apostolorum,
699 921 1020 1003 processionemque
1048 940 1070 985 a

119 1012 295 1079 Laterano
330 1015 374 1079 ad
401 1023 560 1079 sanctum
594 1016 737 1081 Petrum
765 1018 906 1096 faciens,
936 1019 1069 1085 animos

119 1112 356 1179 Romanorum
373 1115 425 1179 sic
439 1116 629 1194 revocavit,
640 1125 681 1181 ut
691 1127 813 1182 contra
827 1119 1069 1201 imperatorem

119 1212 192 1277 fera
202 1233 322 1279 omnes
334 1215 529 1297 acciperent
541 1215 678 1296 signum
689 1218 813 1282 crucis.
860 1217 940 1295 Quo
949 1220 1069 1285 audito

117 1312 319 1395 imperator,
328 1316 388 1397 qui
399 1314 474 1397 jam
491 1334 530 1379 se
544 1315 752 1380 intraturum
764 1317 881 1380 urbem
895 1318 1068 1396 credebat,

119 1413 246 1478 timens
270 1413 349 1492 sibi,
376 1416 421 1479 ab
445 1415 530 1478 urbe
556 1415 695 1497 longius
721 1418 929 1482 retrocessit.
997 1419 1069 1482 Hic
1082 1433 1216 1523 ⁸}·,l{⁴l„'¹¹3,¹¹

119 1512 226 1577 etiarn
249 1532 354 1597 papa,
374 1533 438 1596 per
456 1514 596 1579 fratrem
623 1515 869 1598 Raymundum
889 1516 931 1581 de
951 1496 1094 1583 ordiue⁰
1142 1496 1154 1522 ῃ
1178 1495 1191 1522 ⁰
1211 1512 1216 1522 ’

121 1611 406 1691 Praedicatorum,
436 1615 652 1697 capellanum
688 1634 801 1693 suum,
835 1636 880 1680 ex
912 1617 1069 1700 plurimis

121 1711 354 1779 voluminibus
398 1714 621 1779 decretalium
665 1715 864 1797 compilavit
907 1717 1069 1781 volumen

121 1831 248 1887 uuum3
266 1813 435 1879 mandans
449 1814 577 1897 ubique
590 1814 788 1879 doctoribus
802 1816 864 1895 illo
877 1818 939 1881 uti.
987 1817 1070 1881 Fuit

120 1910 177 1977 hio
193 1911 423 1995 Raymnudus
442 1912 633 1978 catalanos
659 1914 811 1992 natione,
828 1917 900 1999 qui,
918 1924 999 1980 ante
1016 1918 1069 1980 in-

120 2030 279 2093 gressum
297 2012 439 2090 ordinis,
459 2013 589 2096 injure
610 2014 776 2079 canonico
799 2016 966 2079 Bononiae
990 2036 1068 2080 rex·

119 2121 197 2178 erat
211 2112 432 2178 excellenter.
485 2111 572 2176 Post
589 2113 718 2176 ordinis
736 2133 818 2178 vero
833 2115 1070 2196 ingressuma

119 2211 259 2278 domiuo
290 2232 383 2297 papa
406 2210 578 2291 Gregorio
607 2211 822 2276 familiariter
854 2214 1069 2294 recollectus,

120 2310 322 2396 capellanus
339 2312 415 2397 ejus
438 2311 584 2377 efficitur
606 2331 647 2375 ac
669 2314 959 2395 poenitentiarius,
982 2315 1069 2396 peti·-

120 2410 323 2495 tionumque
355 2430 547 2495 pauperum
581 2412 790 2494 expeditor3
824 2412 884 2496 qui
918 2413 1069 2489 taudem,

119 2531 200 2577 enm
215 2510 418 2577 difficultate
432 2513 574 2578 obtenta
596 2511 737 2577 licentia
753 2512 918 2576 redeundi
940 2513 984 2577 ad
1003 2520 1070 2576 ter-

119 2630 195 2677 ram
223 2630 334 2691 suam,
363 2611 514 2676 refutato
543 2613 577 2676 in
610 2612 729 2676 eadem
760 2612 1069 2695 archiepiscopatu,

119 2718 202 2795 post
214 2711 355 2777 fratrem
367 2711 391 2776 J
394 2711 561 2775 ordauum
579 2713 743 2793 magister
755 2712 896 2777 effectus
910 2721 963 2777 est
978 2713 1070 2776 ordi·

121 2816 178 2879 uis
193 2812 339 2878 fratrum
361 2810 655 2882 Praedicatorum;
684 2813 756 2894 qui,
775 2819 814 2876 ut
830 2812 925 2894 rigor
941 2813 1071 2877 ordinis

120 2914 227 2979 etiam
244 2913 281 2976 in
298 2911 446 2976 minimis
473 2920 669 2976 servaretur
683 2908 881 2996 (attendens
894 2912 987 2995 quod
1011 2913 1070 2995 qui

121 3014 266 3080 minima
282 3011 428 3094 negligit
445 3010 612 3094 paulatim
630 3009 774 3095 decidit)
797 3012 959 3095 apposuit
977 3031 1071 3093 mag·

120 3134 203 3179 nam
234 3131 361 3178 curam.
445 3104 612 3194 ⁸Scripsit
642 3110 817 3175 Summam
847 3111 889 3174 de
921 3111 1071 3187 casibus,
1084 3129 1232 3178 llbwrtttngr.

119 3212 373 3279 confessoribus
390 3210 585 3294 perutilem,
599 3229 641 3274 ac
653 3209 927 3274 Constitutioues
942 3209 1072 3274 ordinis

121 3312 407 3385 Praedicatorum‚
430 3329 509 3394 quae
532 3310 628 3391 prius
653 3311 718 3372 sub
745 3308 945 3372 confusione
967 3309 1071 3372 habe·

120 3414 260 3488 bantur,
277 3411 343 3475 sub
358 3411 461 3474 certis
474 3408 751 3473 distinctionibus
766 3415 801 3471 et
819 3407 927 3470 titulis
945 3406 1070 3490 posuit.

122 3512 212 3579 Post
231 3510 405 3576 biennium
426 3528 521 3585 vero,
543 3509 587 3572 ob
607 3508 846 3590 impotentiam
872 3508 1071 3589 magisterio

120 3610 258 3687 codena
300 3610 338 3673 iu
375 3616 548 3673 conventu
596 3605 823 3671 Barchinouae
868 3609 1070 3687 consenuit;

120 3718 224 3775 tanta
234 3708 410 3792 religionis
422 3708 608 3772 sanctitate
621 3706 769 3789 pollens,
785 3715 823 3770 ut
836 3714 913 3788 post
927 3716 1070 3773 mortem

120 3808 363 3875 miraculorum
378 3807 491 3888 gloria
506 3807 644 3871 habitus
661 3807 707 3871 sit
722 3800 943 3890 ⁴[insiguis].⁵

158 4033 318 4086 '‘eccluioe
330 4029 475 4095 Romane?
494 4028 560 4082 nl.
646 4029 711 4081 ⁸St.
735 4032 867 4093 llaymoud
895 4030 924 4079 oi
953 4029 1074 4080 Peneiort

156 4099 413 4167 ’‘excipienm'm.
612 4116 667 4150 was
688 4102 750 4151 born
771 4103 798 4151 in
822 4104 885 4149 11⁷5
908 4104 936 4149 at
956 4114 973 4148 a
999 4099 1073 4147 small

158 4173 311 4239 ’‘Scripuit
321 4171 429 4235 antem?
440 4173 488 4223 Ar.
612 4175 680 4221 town
690 4171 720 4220 ol
731 4172 786 4221 that
800 4185 874 4219 name
889 4171 915 4217 iu
932 4168 1073 4229 catalonia,

158 4239 332 4307 “insiguisff
348 4244 396 4294 Ar.
611 4241 661 4290 aud
684 4256 739 4290 was
761 4256 777 4290 a
799 4239 955 4289 descendant
976 4238 1005 4287 oi
1030 4237 1073 4287 the

893 4330 944 4377 od
