2940 4950
586 475 769 524 aurnuns.
1080 462 1146 525 209

189 630 441 695 Saracenorum
462 631 613 695 dominio
634 632 756 696 iterum
780 639 833 696 est
855 631 1020 714 subjecta.
1075 633 1142 697 Eo·

189 729 267 795 dem
294 749 386 795 anno
405 731 557 808 Tartari,
580 730 768 812 Georgiam
791 739 827 795 et
849 730 1046 795 Armeniam
1070 753 1143 798 ma-

183 830 298 914 jorem
314 838 505 907 vastantes,
521 851 586 896 suo
603 851 663 895 eas
678 831 827 895 dominio
844 831 1077 914 subjecerunt.

241 930 297 994 De
321 928 473 995 secundo
495 932 648 1014 capitulo
670 931 822 1012 generali
844 930 988 995 fratrum
1012 932 1141 996 ordinis
1153 946 1283 986 Thumna

1153 998 1237 1045 general

189 1028 476 1106 Praedicatorum,
501 1030 592 1114 quod
623 1032 688 1094 sub
716 1032 818 1094 beato
843 1031 1026 1095 Dominico
1051 1033 1139 1097 cele·
1153 1047 1271 1094 choteror

1153 1097 1190 1135 tha
1199 1096 1295 1135 Domlnl·

187 1130 325 1194 bratum
339 1137 393 1194 est
411 1129 591 1208 Bononiae,
608 1131 674 1194 hoc
697 1151 786 1194 anno
804 1131 899 1193 missi
920 1139 1001 1194 sunt
1016 1132 1140 1197 fratres
1152 1148 1254 1234 {3¹¹le

189 1228 442 1294 Praedicatores
462 1231 499 1293 in
516 1229 693 1312 Angliam‚
712 1231 772 1313 qui
795 1250 935 1294 numero
963 1231 1139 1309 tredecim,
1152 1207 1293 1335 ιὲιιῖᾖοῗῗᾱῖιῗίο

187 1328 353 1393 habentes
378 1330 525 1413 priorem
553 1329 694 1406 fratrem
719 1329 913 1393 Gilbertum
942 1330 984 1393 de
1015 1329 1138 1394 Fraxi-
1173 1306 1255 1343 '¹⁸³⁰'

187 1436 282 1505 neto,
299 1430 333 1492 in
357 1431 520 1494 comitiva
535 1430 741 1495 venerabilis
763 1430 873 1511 patris
895 1430 1024 1493 domini
1043 1430 1138 1494 Petri

187 1527 232 1591 de
260 1528 432 1611 Rupibus,
449 1529 700 1594 wintoniensis
724 1530 889 1612 episcopi,
914 1530 1139 1597 cantuariam

187 1636 440 1710 pervenerunt:
466 1623 537 1693 lubi
553 1649 630 1692 cum
649 1648 686 1692 se
703 1629 842 1693 domino
858 1629 1033 1711 Stephano
1049 1629 1139 1695 Can-

188 1728 353 1792 tuariensi
369 1728 605 1812 archipraesuli
619 1736 897 1812 praesentassent,
912 1729 1031 1794 audito
1045 1731 1137 1812 quod

188 1825 440 1892 Praedicatores
459 1838 584 1907 essent,
602 1830 719 1893 statim
736 1830 834 1893 sratri
852 1828 1010 1893 Gilberto
1032 1831 1139 1912 impo

187 1928 270 2005 suit,
296 1935 336 1991 ut
363 1948 478 1992 coram
506 1949 544 1992 se
569 1949 760 1993 sermonem
788 1929 915 1993 faceret
936 1931 971 1992 in
994 1931 1139 1996 ecclesia

187 2027 351 2109 quadam,
373 2028 408 2091 in
432 2048 501 2111 qua
527 2030 673 2111 ipsemet
696 2038 924 2111 proposuerat
942 2030 1061 2092 codem
1084 2031 1139 2094 die

186 2127 387 2209 predicare.
451 2126 562 2211 Cujus
588 2129 702 2194 verbis
731 2129 914 2193 admodum
948 2129 1137 2194 aedilicatus

187 2227 358 2309 pontifex,
386 2235 461 2292 toto
483 2247 547 2291 suo
573 2236 739 2311 ternpore,
767 2229 967 2309 religionem
993 2228 1138 2292 fratrum

187 2325 459 2392 Praedicatorum
471 2335 507 2391 et
520 2326 668 2392 officium
687 2336 890 2410 prosecutus
905 2335 957 2391 est
972 2328 1087 2408 gratia
1104 2337 1139 2393 ct

186 2425 318 2493 favore.
369 2426 636 2510 Progredientes
654 2436 769 2491 autem
786 2427 909 2490 fratres
926 2427 968 2489 dc
983 2427 1135 2491 Cantua·

186 2527 252 2603 ria,
269 2535 439 2592 venerunt
462 2526 657 2591 Londonias
680 2528 714 2590 in
737 2527 826 2591 sesto
849 2528 960 2590 sancti
983 2527 1137 2590 Lauren-

188 2626 253 2705 tii;
280 2634 316 2691 et
337 2627 482 2691 ulterius
503 2620 694 2691 ²Orroniam
716 2627 752 2689 in
773 2627 861 2691 sesto
881 2626 1140 2710 Assumptionis

188 2725 346 2808 Virginis
377 2726 550 2808 gloriosae,
582 2728 616 2790 in
653 2727 753 2809 cujus
791 2727 920 2790 honore
952 2728 1139 2792 oratorium

188 2833 480 2891 construxerunt:
515 2836 550 2892 et
576 2827 749 2890 habebant
776 2826 912 2891 scholas
940 2827 1030 2905 illas,
1061 2847 1139 2910 quae

189 2945 281 2989 nunc
297 2926 409 2990 sancti
426 2926 587 2991 Edwardi
612 2926 785 3004 dicuntur,
803 2927 837 2990 in
861 2927 960 3010 cujus
977 2927 1140 3010 parochia

187 3024 303 3091 locum
325 3036 543 3108 acceperant,
568 3027 602 3090 in
627 3046 695 3108 quo
716 3033 868 3108 tempore
891 3027 1007 3107 aliquo
1029 3047 1142 3091 mora·

186 3126 326 3190 bantur.
377 3125 444 3190 Sed
467 3146 544 3191 cum
568 3146 637 3190 non
660 3133 751 3190 esset
770 3126 1010 3208 opportunitas
1027 3127 1140 3190 locum

187 3222 397 3289 sufficienter
421 3226 601 3303 dilatandi,
621 3226 874 3289 transtulerunt
898 3244 934 3288 se
962 3224 1005 3288 ad
1028 3225 1140 3289 locum

188 3344 212 3389 a
234 3344 316 3407 rege
338 3325 388 3390 eis
410 3345 624 3403 concessum,
654 3326 713 3389 uhi
737 3345 828 3388 nunc
855 3325 1013 3388 habitant
1040 3333 1140 3387 extra

192 3444 323 3490 muros.

240 3523 371 3589 Eodem
393 3545 485 3590 anno
508 3535 632 3591 octavo
647 3526 725 3589 idus
742 3525 893 3607 Augusti
911 3518 1049 3587 ³beatus
1068 3525 1140 3588 Do·
1154 3543 1276 3631 nonnas¹

189 3624 346 3703 minieus,
379 3626 508 3689 ordinis
530 3626 814 3691 'Praedicatorum
851 3625 1040 3702 institutor,
1075 3594 1296 3707 pri-⁸²'⁰⁰¹¹¹¹”⁰'

189 3742 336 3807 musque
363 3726 541 3808 magister,
567 3728 601 3790 in
631 3734 803 3790 conventu
827 3725 1036 3790 Bononiensi
1070 3727 1143 3790 dics

190 3842 274 3888 suos
292 3825 327 3887 in
352 3826 454 3903 bono,
472 3833 507 3890 et
525 3825 632 3889 annos
649 3846 731 3890 suos
748 3826 932 3908 complevit
952 3827 987 3889 iu
1011 3827 1140 3907 gloria:

190 3932 403 4007 acceptoque
421 3925 561 3989 denario
574 3926 709 4003 diurno,
724 3934 888 4009 tanquam
900 3925 1010 3989 fidelis
1022 3945 1143 3989 servus

940 4058 1145 4068 ——.-

230 4130 237 4161 ¹
255 4134 369 4184 obicum
381 4134 467 4184 sedem
479 4130 492 4195 ;’
505 4135 544 4184 Μ.
681 4148 749 4196 ever,
767 4149 799 4181 on
818 4138 925 4183 account
943 4131 972 4179 oi
987 4131 1042 4179 that
1061 4130 1090 4179 oi
1102 4130 1145 4179 the

228 4199 524 4265 'Oxoniis3’M.etAr.
681 4204 897 4264 Transfiguration
926 4200 1015 4262 falling
1040 4215 1071 4248 on
1095 4201 1145 4248 this

228 4270 240 4303 ⁸
255 4275 419 4337 hussustdth.
455 4274 507 4323 llis
514 4274 580 4323 feast
586 4274 657 4323 how·
671 4273 743 4334 day,
756 4275 778 4321 is
790 4273 852 4333 kept
860 4287 891 4320 on
904 4270 945 4319 the
957 4270 1000 4319 dth
1013 4271 1123 4332 August.

978 4363 996 4407 P
