2948 4942
779 452 852 499 Nic.
871 450 1017 498 'l'RlVll'l'l

257 936 385 978 nonae
470 917 670 980 Hrurrcus
692 935 754 979 rex
779 916 918 997 Angliae
942 924 978 980 et
1002 917 1232 998 Raymundns
1254 935 1374 981 comes

256 988 397 1078 maffia
421 1016 649 1081 Barchinonae
672 1015 764 1097 apud
781 1023 933 1079 castrum
950 1016 1109 1080 Blaviam
1128 1016 1290 1080 amicitiae
1305 1016 1374 1081 soe·

256 1087 377 1128 ”mm
419 1116 484 1180 dus
514 1115 687 1179 inierunt:
717 1113 782 1178 hoe
812 1122 927 1197 pacto,
954 1115 1046 1197 quod
1079 1115 1252 1179 Ricardns
1275 1115 1374 1180 filius

418 1216 511 1297 regis
532 1214 638 1278 filiam
661 1213 814 1297 ejusdem
837 1214 1036 1295 Raymnndi
1058 1214 1199 1278 duceret
1215 1221 1374 1297 tempore

418 1321 625 1397 opportuno,
654 1321 689 1377 et
714 1333 776 1376 rex
805 1311 943 1394 Angliae
971 1313 1079 1377 eidem
1103 1313 1256 1377 Ricardo
1287 1332 1375 1378 con-

418 1415 555 1478 cederet
575 1413 738 1476 ducatnm
762 1411 961 1494 Aquitaniae
984 1421 1019 1476 et
1035 1412 1204 1476 Pictaviae
1225 1413 1374 1479 comita·

419 1521 505 1577 tnrn.
557 1512 719 1576 Duxerat
743 1510 799 1576 hic
826 1512 1055 1594 Raymundus
1083 1512 1188 1576 filiam
1218 1520 1254 1576 et
1274 1511 1373 1578 here-

420 1613 497 1675 dem
514 1612 604 1692 regis
622 1609 817 1691 Aragoniae.
858 1611 963 1688 Nam,
980 1619 1020 1674 ut
1036 1610 1140 1675 altius
1158 1618 1373 1694 repetamus,

421 1711 583 1774 Sanctius
613 1729 674 1772 rex
706 1708 907 1791 Aragonnm
936 1717 1006 1773 tres
1032 1709 1153 1774 habuit
1178 1710 1280 1788 filios,
1311 1714 1373 1794 qui

421 1810 487 1872 sibi
522 1817 760 1873 successerunt
798 1810 947 1873 vicissim
985 1810 1020 1872 in
1058 1829 1175 1891 regno,
1209 1809 1375 1876 videlicet

422 1907 655 1981 Sanctionem,
683 1901 911 1985 ¹Anforeium,
931 1918 966 1972 et
985 1908 1190 1972 Romelium.
1244 1909 1376 1974 Primis

421 2007 556 2070 duobus
585 2007 827 2071 decedentibus
851 2008 926 2071 sine
946 2006 1075 2085 liberis,
1094 2008 1287 2086 Romelius,
1312 2012 1373 2092 qui

422 2105 612 2170 monachus
629 2107 754 2184 fuerat,
770 2108 812 2170 de
827 2106 1035 2171 monasterio
1049 2113 1241 2184 extractus,
1258 2116 1294 2172 et
1308 2129 1374 2174 rex

423 2205 547 2283 factae,
561 2206 662 2270 duxit
680 2226 822 2271 uxorem
839 2206 1031 2282 Matildem,
1047 2214 1189 2270 matrem
1204 2206 1376 2272 Willelmi

422 2305 557 2369 comitis
584 2299 736 2383 ²Toarti,
763 2326 808 2369 ex
836 2325 906 2387 qua
937 2305 1042 2369 filiam
1075 2306 1210 2369 unicam
1238 2307 1376 2388 genuit,

422 2424 566 2468 uxorem
595 2404 732 2486 praelati
757 2403 968 2487 Raymundi,
996 2405 1038 2467 de
1063 2424 1130 2487 qua
1159 2405 1234 2488 ipse
1262 2404 1375 2470 filium

423 2505 554 2584 genuit,
577 2503 636 2584 qui
658 2511 782 2585 postea
804 2503 869 2568 fnit
891 2523 952 2566 rex
972 2503 1187 2585 Aragonum,
1212 2511 1248 2567 et
1264 2504 1375 2570 filiam

423 2603 560 2664 nomine
577 2601 834 2682 Berengariam,
848 2621 951 2685 qnam
968 2602 1081 2666 fuerat
1097 2602 1264 2667 ducturus
1280 2603 1377 2669 filius

424 2700 516 2780 regis
531 2698 715 2763 Ricardns

262 2820 338 2860 una
477 2796 557 2861 Hoc
571 2816 662 2860 anno
677 2798 862 2880 imperator
881 2798 1083 2863 Fredcricns
1095 2801 1213 2864 urbem
1237 2801 1377 2867 Medio-

263 2875 344 2911 Μ*
426 2895 555 2974 lanum,
578 2890 677 2978 ³quia
699 2897 938 2975 rebellaverat,
960 2899 1085 2963 iterato
1103 2899 1248 2963 obsedit.
1301 2901 1377 2966 Da-

421 2994 508 3078 jecit
535 2995 640 3058 etiam
673 3004 783 3060 turres
810 2996 930 3078 Papiae
957 3005 992 3061 et
1022 2997 1225 3075 Placentiae,
1251 3006 1287 3061 et
1309 3001 1379 3064 sibi

265 3120 283 3160 n
339 3116 392 3157 uren
428 3093 669 3158 Lomhardiam
687 3114 821 3159 omnem
838 3097 997 3179 subjecit.
1037 3098 1117 3161 Rex
1128 3098 1267 3179 Angliae
1282 3099 1380 3163 circa

262 3167 571 3268 &filib-mediam
596 3193 904 3276 Quadragesimam
937 3195 1146 3260 coadunavit
1183 3197 1377 3261 exercitum

263 3268 327 3307 mend
337 3266 360 3305 of

264 3317 375 3363 raama,
425 3312 588 3376 magnum
605 3300 726 3358 contra
738 3294 995 3375 Raymnndum,
1011 3296 1170 3359 comitem
1189 3294 1380 3377 S.AEgidii,

263 3369 328 3405 count
337 3366 360 3405 ol

262 3416 369 3462 seeum
425 3412 488 3475 pro
511 3394 652 3458 civitate
675 3393 887 3471 Tholosana,
912 3413 1016 3476 quam
1039 3387 1178 3457 ‘uxoris
1203 3413 1276 3457 snae
1295 3394 1379 3478 jure

424 3491 632 3557 hereditario
650 3492 850 3557 vindicavit.
903 3492 1079 3557 Robertns
1098 3512 1246 3574 namque
1261 3511 1381 3558 comes

426 3586 631 3667 Moritonii,⁶
654 3590 762 3656 frater
782 3591 949 3655 Willelmi
971 3593 1031 3674 qui
1048 3589 1214 3673 Angliam
1236 3594 1381 3675 conqui-

462 3856 782 3920 ¹Thatis,‘lllph0nsum
795 3867 820 3909 et
835 3862 885 3911 Ra-
913 3863 1049 3924 Raymund
1077 3863 1106 3910 oi
1132 3863 1281 3923 Barcelona,
1311 3879 1386 3915 men·

426 3930 517 3978 mirum
528 3928 543 3989 ;'
557 3928 720 3980 D'Acherr'aa.
754 3931 886 3980 Sanchol.
912 3934 1032 3982 tionedin
1044 3933 1086 3982 the
1098 3938 1161 3992 text,
1172 3932 1290 3982 married.

426 3999 455 4048 oi
474 3999 591 4061 Arragon
613 4013 669 4047 was
693 4001 835 4049 succeeded
853 4003 886 4063 by
948 4000 1100 4051 ¹‘Thoarei
1111 3998 1124 4063 ;’
1137 4003 1176 4052 M.
1188 4006 1212 4050 et
1221 4002 1255 4052 R.

425 4070 466 4119 hia
477 4069 547 4118 three
559 4083 627 4128 sons,
639 4069 724 4117 Pedro
735 4070 759 4119 1.
775 4071 888 4132 Alphon·
950 4069 961 4102 ⁸
977 4075 984 4099 ‘
997 4087 1055 4133 quae
1066 4068 1080 4132 ;’
1092 4072 1162 4121 D'A.

425 4154 453 4188 so
476 4139 500 4187 1.
521 4138 572 4188 and
601 4138 703 4187 Ramiro
725 4140 774 4197 ΙΙ.,
802 4141 888 4189 whose
949 4139 1178 4202 ⁴‘nxori;'D'd.

424 4209 560 4272 daughter,
579 4209 729 4269 Petronilla,
744 4209 787 4258 the
804 4209 889 4259 Count
949 4207 1154 4270 “Meritoniis
1178 4207 1244 4261 n’A.
1284 4210 1388 4263 ‘Meri-
