2940 4950
513 462 692 511 Annaeus.
1014 453 1078 517 167

119 619 258 697 bellam,
274 620 409 684 comitis
425 619 698 701 Eugolismensis
716 621 822 686 filiam
845 632 880 689 et
895 623 1053 689 heredem
1067 645 1076 705 3

119 738 200 804 quae
215 727 341 784 octavo
358 719 437 783 idus
454 719 615 784 Octobris
633 730 799 786 coronata
816 731 869 787 est
888 723 1077 789 Londoniae

119 820 157 883 in
189 820 356 903 reginam.
423 818 529 883 Hanc
560 820 676 884 serunt
706 823 846 905 quidam
880 825 1076 888 vicecomiti

120 920 311 985 Toracensi
335 919 481 1001 Hugoui
510 919 606 983 Brun
631 922 726 1003 prius
749 924 918 1004 nupsisse,
946 925 1077 1006 ipsum-

119 1039 189 1103 que
206 1027 347 1103 propter
361 1038 503 1083 uxorem
522 1019 690 1084 violenter
705 1022 858 1087 ablatam
875 1042 897 1086 a
909 1022 1077 1087 fidelitate

120 1120 214 1201 regis
230 1118 369 1200 Angliae
386 1113 608 1184 discessisse.¹

169 1211 329 1283 ²Decimo
357 1226 483 1283 octavo
514 1219 580 1283 cal.
615 1218 776 1284 Octobris
809 1220 963 1305 ejusdem
994 1223 1225 1328 aunineppopr

119 1320 244 1383 beatus
277 1316 386 1401 Hugo
418 1317 667 1383 Lincolniensis
701 1321 883 1403 episcopus
913 1321 956 1384 de
989 1291 1213 1403 prae-lliaffi.⁰

119 1419 213 1483 senti
239 1419 313 1482 vita
332 1418 515 1501 temporali
534 1420 671 1482 transiit
693 1420 728 1482 in
752 1427 929 1496 aeteruam,
950 1422 1009 1502 qui
1035 1421 1077 1485 de

119 1518 291 1601 imperiali
318 1517 525 1599 Burgundio
552 1518 730 1594 oriundus,
757 1539 778 1582 a
800 1520 987 1603 juventute
1013 1540 1078 1585 sua

120 1619 212 1683 inter
231 1618 327 1682 viros
349 1617 531 1698 religiosos
553 1618 732 1696 educatus,
752 1621 864 1701 primo
889 1620 1003 1684 tactus
1024 1629 1078 1685 est

120 1719 310 1783 canonicus
342 1716 524 1799 regularis,
556 1717 677 1781 deinde
706 1719 865 1802 ampliori
894 1719 929 1782 in
961 1719 1075 1784 Dauni

119 1818 305 1902 proficiens
325 1816 507 1889 desiderio,
534 1837 603 1899 quo
631 1819 742 1899 magis
762 1839 901 1883 carnem
928 1838 1026 1882 suam
1055 1839 1078 1884 a

120 1916 306 1982 mundanis
337 1917 552 1981 abstraheret
578 1918 851 1996 oblectamentis,
878 1917 1077 1983 Cartusium

121 2038 161 2082 se
179 2017 379 2097 transtulit;
406 2018 465 2080 ubi
485 2017 574 2080 inter
597 2018 783 2082 monachos
805 2020 987 2082 devotione
1005 2019 1076 2083 cla—

121 2118 194 2182 ruit
210 2117 391 2199 singulari.
443 2115 554 2201 Cujus
572 2117 744 2197 religiosae
769 2119 966 2181 sanctitatis
985 2119 1078 2182 fama

120 2216 168 2283 ad
189 2236 291 2282 aures
315 2216 459 2281 Henrici
482 2217 574 2299 regis
591 2217 731 2280 secundi
748 2218 895 2299 allapsa,
913 2218 1025 2298 ipsum
1041 2219 1077 2281 in

121 2336 274 2382 amorem
289 2316 366 2401 ejus
377 2316 598 2382 vehomenter
611 2316 769 2381 accendit
782 2336 790 2380 :
815 2318 875 2398 qui
888 2317 947 2379 vix
960 2317 1078 2381 multis

122 2417 295 2501 precibus,
316 2424 356 2480 ut
370 2417 407 2481 in
423 2416 526 2480 domo
544 2409 709 2498 ³quadam
726 2416 880 2499 ejusdem
896 2415 1026 2480 ordinis
1043 2417 1078 2479 in

121 2516 267 2600 Anglia,
289 2536 393 2600 quam
422 2516 511 2580 idem
537 2536 599 2580 rex
625 2517 660 2579 in
682 2516 824 2579 dioecesi
853 2515 1079 2579 Bathoniensi

122 2616 244 2681 multis
262 2616 407 2681 ditatam
431 2616 570 2698 praediis
593 2624 629 2679 et
645 2615 836 2698 privilegiis
860 2615 1079 2694 fundaverat,

123 2716 296 2782 curatoris
329 2716 527 2780 admitteret
560 2714 720 2792 officium,
759 2716 874 2798 potuit
911 2716 1078 2780 obtinere.

122 2816 238 2896 Quem
261 2815 342 2879 dum
364 2816 492 2898 saepius
515 2815 686 2891 visitaret,
703 2816 816 2879 verbis
839 2822 875 2879 et
894 2816 1079 2879 virtutibus

122 2917 200 3001 eius
217 2915 422 2992 delectatus,
439 2924 585 2979 vacante
602 2914 683 2978 sede
699 2914 944 2991 Lincolniensi,
968 2917 1080 2979 suasit

121 3015 279 3081 ecclesiae
296 3014 481 3089 canonicis,
504 3023 543 3078 ut
563 3015 709 3097 priorem
727 3014 847 3077 domos
865 3033 937 3077 suae
953 3014 1080 3095 Hugo-

122 3134 204 3180 nem
232 3113 270 3177 in
297 3114 496 3196 episcopum
530 3114 708 3195 eligerent,
739 3120 774 3176 et
802 3113 1016 3195 praeficerent
1043 3115 1079 3177 iu

122 3220 312 3299 pastorem.
364 3212 432 3277 Sed
454 3213 613 3277 electioni
639 3212 758 3276 favore
780 3214 875 3293 regio
898 3212 1079 3277 celebratae

122 3316 178 3381 vir
200 3314 272 3378 Dst
304 3332 372 3376 uon
398 3314 630 3388 consentiens,
664 3305 848 3375 ⁴decauum
879 3319 1080 3393 ceterosque

121 3412 279 3480 ecclesiae
297 3412 457 3497 majores,
484 3413 543 3495 qui
565 3432 629 3495 pro
655 3412 730 3493 ipso
755 3418 933 3486 venerant,
952 3430 1080 3473 vacuos

123 3512 323 3591 dimisisset,
345 3514 375 3576 si
398 3532 467 3576 non
490 3531 567 3575 eum
592 3511 744 3574 unanimi
762 3511 939 3592 liberaque
958 3510 1080 3573 volun-

160 3696 276 3751 ¹⁴Qurc
306 3698 400 3759 copula
429 3697 587 3758 postmodnm
618 3701 670 3745 rect
681 3696 749 3746 dote.
785 3698 822 3745 st.
833 3696 912 3758 Hugh
921 3709 976 3744 was
986 3696 1047 3743 born
1055 3696 1080 3744 in

123 3770 180 3833 regi
196 3767 424 3831 etregqungliae
440 3781 532 3829 magno
546 3768 590 3815 de·
619 3770 691 3814 1140.
726 3766 794 3815 John
814 3766 906 3815 visited
924 3766 976 3813 him
995 3767 1021 3813 iu
1041 3766 1081 3814 his

122 3841 242 3889 trimeato
260 3832 333 3898 tuit;’
355 3838 419 3899 Rog.
437 3837 529 3886 Wend.
552 3838 590 3885 iii.
617 3837 667 3884 last
680 3835 776 3897 illness,
790 3837 840 3885 end
855 3836 916 3883 with
928 3836 1040 3884 ll'illianr
1055 3836 1085 3884 ol

125 3914 188 3969 148ς
204 3910 254 3957 viz.
265 3909 300 3970 by
311 3921 400 3957 reason
407 3907 436 3955 ci
444 3906 486 3955 the
498 3906 591 3956 double
618 3906 739 3954 scotland
761 3906 836 3954 eided
856 3906 882 3953 iu
905 3908 1023 3967 carrying
1041 3906 1081 3953 his

122 3982 202 4031 emme
216 3980 244 4027 iu
257 3977 301 4026 the
316 3978 473 4038 contracting
488 3978 593 4037 parties,
618 3976 673 4024 bier
689 3980 715 4023 to
727 3975 831 4025 Lincoln
845 3975 986 4035 cathedrsl,
997 3974 1081 4022 which

123 4048 185 4099 both
196 4047 290 4110 having
297 4048 363 4097 been
374 4046 518 4108 previously
526 4062 593 4095 mar·
619 4048 657 4094 St.
666 4045 746 4105 Hugh
758 4045 809 4094 had
820 4044 935 4093 linished.

124 4119 181 4169 ried
192 4118 244 4167 and
254 4116 384 4166 direrced.
654 4114 666 4145 ⁸
683 4116 803 4175 NamrIy,
814 4114 868 4161 that
878 4113 907 4161 ol
920 4111 1041 4170 ll'itlrarn,
1056 4112 1081 4160 iu

158 4181 594 4250 ³‘xv.ccl.Dec.'(Nov.ll),Rog.
620 4185 831 4241 Somersetshire;
854 4182 984 4243 Dugdala
995 4183 1013 4230 i.
1025 4185 1083 4229 059.

124 4258 216 4308 Wend.
229 4258 267 4307 iii.
281 4260 343 4319 1613
359 4256 445 4306 which
456 4258 479 4305 is
487 4257 529 4307 the
541 4271 595 4305 cor·
655 4253 665 4283 ⁴
682 4255 809 4305 ‘decanos
817 4249 833 4314 ;’
845 4253 884 4301 M.
896 4256 920 4299 et
930 4251 978 4300 Ar.
