2948 4942
382 432 446 497 122
732 449 805 496 uic.
833 449 980 497 rnrvnrr

215 622 355 711 {ffl‘m
381 617 487 674 tatem
515 602 769 673 ¹Catinensium
792 607 889 685 adiit,
912 607 971 671 nbi
991 614 1136 690 uterque
1157 627 1262 692 super
1283 611 1336 674 al·

265 683 285 721 ¹⁶
381 711 488 773 terius
502 709 653 772 adventu
669 707 793 771 eximie
809 714 862 770 est
875 706 1027 771 laetatus.
1060 707 1236 773 Reversus
1250 729 1334 774 vero

218 820 327 910 ἕξω.
380 829 443 872 rex
460 807 644 886 Ricardus,
659 807 702 870 de
715 807 859 871 consilio
874 805 1023 870 Walteri
1039 805 1335 890 Rothomagensis

216 919 328 971 fleerdin-
381 907 641 990 archiepiscopi,
663 906 744 970 fecit
760 906 955 970 denuntiari
974 908 1039 970 sub
1054 906 1335 973 interminatione

379 1007 621 1080 anathematis,
654 1013 693 1069 ut
721 1005 883 1087 quicquid
912 1006 987 1069 auri
1016 1005 1071 1069 vel
1097 1007 1232 1088 argenti
1257 1008 1333 1073 sive

379 1107 547 1191 cujusque
578 1106 712 1188 generis
751 1106 905 1188 pecuniae
936 1104 1107 1169 victorum
1139 1125 1263 1170 manus
1296 1108 1334 1170 in

379 1207 537 1288 captione
560 1204 732 1269 Messanae
752 1204 961 1286 diripuisset,
983 1203 1116 1269 civibus
1135 1207 1334 1270 restituere-

379 1312 436 1368 tur
463 1307 499 1369 in
527 1306 708 1387 integrum.
765 1303 950 1367 Pecuniam
974 1323 1055 1367 vero
1080 1323 1103 1367 a
1126 1323 1207 1387 rege
1234 1304 1332 1369 'Fan-

282 1392 287 1405 '
377 1405 479 1469 credo
511 1412 700 1487 acceptam,
732 1402 813 1466 licet
842 1402 885 1466 de
914 1402 995 1487 jure
1028 1402 1333 1469 confoederationis

377 1524 446 1568 non
478 1512 663 1580 teneretur,
697 1522 773 1566 cum
806 1520 886 1583 rege
918 1502 1129 1567 Francorum
1162 1523 1208 1567 ex
1234 1523 1333 1569 mera

377 1602 583 1666 liberalitate
598 1602 727 1665 divisit.
780 1600 892 1680 Quem
918 1601 953 1664 in
976 1600 1167 1666 festivitate
1189 1601 1332 1667 Nativi-

378 1703 459 1765 tatis
478 1702 669 1765 Dominicae
687 1700 731 1763 ad
748 1710 899 1765 castrum
918 1720 1017 1763 suum
1040 1700 1083 1764 de
1103 1700 1332 1783 Mategriffun

375 1801 550 1878 invitavit,
572 1808 607 1864 et
629 1819 707 1863 eum
726 1801 915 1864 venientem
939 1820 1016 1864 cum
1039 1801 1140 1864 turba
1162 1800 1331 1866 nobilium

375 1909 581 1963 veneranter
597 1900 755 1982 excepit3
782 1899 1050 1981 celebritateque
1067 1899 1174 1982 juxta
1195 1901 1331 1984 regiam

376 1998 664 2080 magnificentiam
687 2007 840 2081 peracta,
864 1998 1025 2081 pretiosis
1047 1998 1174 2064 diversi
1190 2002 1332 2082 generis

377 2100 575 2162 muneribus
589 2098 782 2163 honoravit.

425 2198 493 2262 His
517 2200 727 2280 temporibus
749 2196 772 2260 J
776 2196 909 2261 oachim
932 2198 1039 2262 abbas
1064 2197 1242 2263 Florensis
1258 2199 1331 2265 snit

374 2296 409 2359 in
434 2297 607 2376 Calabria,
635 2299 694 2380 qui
721 2296 836 2379 pluras
864 2297 970 2360 libros
997 2317 1100 2380 super
1125 2296 1149 2361 J
1152 2298 1330 2378 eremiam,

375 2395 632 2480 Apocalypsim,
651 2405 686 2461 et
703 2395 744 2459 de
760 2389 951 2459 ²Oneribus
976 2396 1221 2479 prophetarum
1244 2395 1331 2462 con-

373 2490 537 2578 scripsit.⁸
576 2495 659 2575 Qui,
682 2496 821 2576 regibus
845 2495 1055 2558 Francorum
1077 2503 1112 2560 ot
1131 2495 1330 2579 Anglorum

372 2597 637 2676 requirentibus,
652 2595 694 2657 de
712 2595 988 2676 peregrinatione
1004 2595 1040 2657 in
1057 2594 1200 2659 Terram
1218 2595 1330 2662 Sanc·

373 2700 457 2766 tam,
480 2714 582 2775 quam
599 2694 784 2770 faciebant,
805 2688 986 2775 *praedixit
1001 2694 1093 2775 quod
1110 2714 1232 2777 parum
1247 2715 1330 2778 pro·

372 2792 524 2868 licerent,
552 2813 593 2856 eo
620 2793 712 2874 quod
743 2794 893 2857 nondum
924 2801 1058 2875 tempus
1085 2793 1238 2859 debitum
1267 2795 1329 2860 ad-

372 2892 535 2955 venisset.

389 3073 414 3108 l).
428 3074 452 3109 N.
464 3075 484 3110 J.
495 3075 518 3112 c.
603 3076 626 3111 P.
639 3076 800 3110 ROMANORUM
815 3076 839 3111 ll.
947 3076 1100 3112 Francorum
1154 3076 1297 3115 duamani!

380 3129 520 3140 ...—

402 3160 490 3198 mcxci.
533 3161 905 3198 ciEMENT1s111.bEualciv1.
951 3163 1061 3199 l’lllldl'l'l
1073 3164 1102 3201 11.
1152 3163 1294 3204 manabit.

207 3349 343 3438 {persiana
420 3335 505 3400 Rux
546 3335 771 3411 Francorum,
809 3335 961 3397 ascensis
996 3336 1143 3399 navibus
1176 3337 1327 3403 sabbato

206 3410 357 3538 {dirigetis
369 3443 448 3516 post
475 3433 802 3510 Annnnciationem,
832 3453 954 3496 versus
984 3432 1127 3497 Terram
1158 3434 1326 3503 Sanctam

229 3500 338 3549 ”¹⁸⁰4
369 3532 411 3596 de
442 3533 607 3597 Messana
634 3532 855 3615 progreditur
879 3532 1031 3597 civitate.
1100 3531 1181 3598 Rex
1207 3544 1327 3601 autem

369 3630 551 3708 Ricardus,
563 3631 682 3695 audito
696 3631 847 3695 adventu
863 3632 983 3694 matris
998 3651 1071 3695 suae
1087 3632 1130 3696 ad
1145 3633 1326 3721 civitatem

404 3801 665 3864 '‘Cathanensium’
682 3806 721 3855 M.
854 3803 969 3874 (twelitlr
994 3806 1119 3873 General)
1147 3808 1270 3870 coancil,
1298 3813 1327 3864 in

403 3871 666 3934 '‘omnibus3'D’A.
855 3878 1052 3939 1215,isgiven
1065 3883 1092 3927 at
1105 3879 1185 3941 large.
1222 3879 1327 3934 Forbis

401 3943 411 3974 ³
427 3947 475 3995 See
491 3947 575 4007 Roger
588 3945 617 3993 ol
631 3946 782 4008 wendover,
799 3947 827 3994 ii.
853 3961 987 3996 erroneous
1005 3947 1116 3997 doctrine
1128 3963 1170 3998 see
1185 3948 1327 4017 Barouins,

366 4032 409 4078 pp.
431 4020 552 4077 tol-tot,
571 4020 630 4077 etc,
647 4016 696 4065 aud
716 4021 783 4075 note,
800 4031 826 4076 p.
853 4018 906 4065 xix.
932 4032 959 4077 p.
982 4020 1040 4079 618,
1062 4018 1124 4067 with
1147 4018 1238 4082 Pagi’a
1262 4021 1327 4088 long

365 4091 423 4147 tol,
434 4086 518 4135 where
537 4086 579 4134 the
597 4085 831 4135 condemnationes
853 4091 921 4135 note.

365 4156 503 4206 Joachim's
514 4156 579 4205 book
592 4158 693 4217 against
700 4156 777 4203 Peter
785 4154 827 4203 the
887 4153 897 4182 ⁴
914 4155 1050 4216 ‘praedixit
1058 4156 1126 4217 quod
1136 4157 1249 4208 umidum
1257 4164 1324 4210 tem

367 4225 491 4276 lomberd
509 4227 535 4274 in
554 4226 597 4275 tbe
615 4225 699 4274 fourth
718 4224 827 4273 Lateran
854 4225 980 4288 pus,'etc.
990 4241 998 4287 ;
1010 4221 1078 4276 Μ.
