2940 4950
333 457 399 522 158
688 471 760 518 ruc.
777 470 924 518 rnrvnrr

336 629 485 694 Moritur
503 628 709 706 Willelmus,
729 628 878 693 Eliensis
895 628 1090 711 episcopus,
1111 628 1147 691 iu
1167 627 1296 692 itinere

334 749 455 794 versus
475 729 633 792 Romam.

598 943 620 978 P.
634 943 795 977 ROMANORUM
810 943 835 978 tl.
933 942 1086 979 PRANOORUH
1132 941 1272 977 suetonum

176 1266 278 1306 narrar
404 1246 604 1309 Daruncro
648 1246 812 1309 Panormi
853 1246 889 1308 in
932 1244 1049 1308 Sicilia
1082 1244 1289 1326 imperatore

175 1319 323 1366 ¹¹¹⁶‘m¹'‘¹⁰¹·
338 1346 493 1410 Hernico
506 1345 589 1422 v1.,
606 1346 699 1409 ono
717 1346 807 1409 finus
829 1343 974 1409 nenne
997 1344 1093 1407 aucis
1114 1343 1290 1421 saxonia,

174 1464 279 1505 onon.
337 1465 444 1529 nepos
482 1446 625 1510 Ricardi
662 1465 705 1508 ex
738 1464 856 1509 sorore
893 1443 1052 1521 Matilde,
1083 1452 1290 1526 procurante

175 1516 291 1556 ''m'‘
337 1546 509 1609 avunculo
550 1544 764 1609 abundanter
804 1562 988 1626 expensas,
1025 1561 1048 1606 a
1086 1543 1289 1625 quibusdam

337 1645 518 1708 Teutoniae
541 1645 752 1726 principibus
775 1645 809 1707 in
834 1663 948 1724 regem
973 1641 1210 1706 Romanorum
1234 1643 1291 1707 eli-

337 1744 452 1825 gitur;
476 1744 553 1806 aliis
583 1744 790 1825 eligentibus
820 1742 1022 1824 Philippum
1050 1741 1172 1806 ducem
1203 1741 1290 1806 Sue-

337 1843 416 1920 viae,
458 1843 599 1906 fratrem
642 1843 787 1908 Henrici
836 1841 1010 1925 quondam
1060 1842 1289 1924 imperatoris.

339 1943 445 2006 Hunc
471 1943 535 2006 sibi
568 1943 818 2007 consoederavit
847 1941 1030 2025 Philippus
1060 1934 1288 2005 ¹Francorum

339 2062 414 2119 rex,
436 2061 579 2123 sperans
603 2062 665 2125 per
687 2063 763 2106 eum
787 2044 946 2107 comitem
964 2040 1137 2105 Flandrioe
1155 2040 1290 2105 facilius

338 2142 519 2225 subjicere,
543 2151 578 2206 et
595 2142 785 2224 Anglorum
811 2161 928 2224 regem
952 2141 1141 2205 Ricardum
1166 2140 1290 2204 fortius

339 2243 551 2324 impugnare.
604 2243 727 2306 Comes
747 2241 971 2306 Flandrensis
993 2240 1158 2304 Sanctum
1176 2238 1292 2304 Aude-

340 2361 473 2406 marum
504 2342 649 2417 obsedit,
678 2348 712 2405 et
740 2341 830 2406 infra
860 2359 990 2425 paucos
1020 2339 1094 2403 dies
1126 2339 1171 2403 ad
1201 2339 1292 2404 dedi-

177 2459 314 2500 ‘rnerreneu
341 2443 467 2506 tionem
490 2442 614 2523 coegit.
668 2440 840 2505 Rioardus
867 2449 982 2505 autem
1005 2458 1067 2503 rex
1097 2437 1292 2520 Anglorum

177 2510 308 2620 iiiiuiidu
340 2561 418 2605 cum
435 2541 661 2606 Vulcasinum
674 2541 782 2623 juxta
800 2539 993 2604 Gisortium
1006 2545 1172 2615 vastaret,
1190 2532 1293 2603 ²'I'or-

178 2610 277 2650 ΝΟΜ
340 2642 437 2704 cillas
456 2642 626 2722 villasque
640 2641 726 2703 alias
744 2640 952 2714 incenderet,
967 2639 1214 2720 superveniens
1230 2660 1292 2702 rex

342 2742 553 2803 Francorum
572 2739 753 2822 Philippus
775 2739 894 2823 praelio
915 2733 1123 2803 ³decertavit
1136 2758 1214 2802 cum
1230 2758 1294 2817 eo;

341 2839 401 2903 sed
425 2840 565 2904 inferior
587 2841 699 2903 factus
720 2839 877 2920 aufugit:
904 2838 962 2920 qui
988 2837 1055 2900 nisi
1078 2836 1113 2899 in
1140 2847 1293 2901 castrum

342 2939 486 3003 Gisortii
506 2959 527 3003 a
548 2939 749 3003 custodibus
766 2932 992 3001 *attractatus
1009 2937 1142 3014 suisset,
1162 2936 1292 3023 (sracto

342 3058 488 3119 namque
515 3040 579 3101 sub
606 3059 647 3102 eo
676 3045 781 3120 ponte
811 3038 891 3099 dum
923 3037 1068 3117 sugeret,
1093 3056 1182 3119 pene
1211 3039 1293 3101 sub·

341 3157 474 3200 mersus
499 3135 641 3221 suerat)
664 3157 685 3201 a
709 3158 790 3219 rege
815 3137 966 3200 Ricardo
983 3136 1218 3201 vehementius
1244 3137 1296 3200 in·

341 3246 506 3319 sequente
529 3237 794 3320 comprehensus
821 3237 953 3298 luisset.
1006 3235 1060 3299 De
1086 3236 1186 3321 cujus
1209 3237 1295 3300 mili-

342 3338 434 3401 tibus
468 3337 749 3401 nominatissimis
785 3337 879 3417 capti
915 3342 996 3398 sunt
1030 3335 1166 3399 circiter
1200 3344 1295 3400 octo·

342 3437 461 3517 ginta3
485 3438 575 3500 inter
589 3456 675 3518 quos
693 3436 856 3518 praecipui
874 3442 974 3498 erant
992 3433 1124 3498 Alanus
1142 3433 1185 3498 dc
1204 3435 1297 3499 Rus-

342 3536 448 3612 ciaco,
466 3535 657 3599 Matthaeus
672 3535 715 3598 de
736 3535 916 3610 Marliaco,
940 3533 1118 3598 Gilbertus
1141 3534 1183 3597 de
1207 3533 1296 3598 Mel·

342 3633 413 3696 loto
424 3634 553 3715 junior,
573 3634 755 3716 Philippus
773 3634 815 3698 de
829 3629 1027 3697 ⁵Nantolio.

179 3751 283 3791 nenne!
393 3732 489 3797 Obiit
505 3734 569 3797 hoc
587 3754 677 3798 anno
695 3734 905 3798 Coelestinus
927 3751 1031 3814 papa,
1052 3752 1128 3796 cum
1148 3733 1295 3798 sedisset

178 3801 285 3840 Celertlue
414 3833 420 3846 .
658 3836 664 3848 .
891 3834 897 3847 .
1114 3834 1121 3846 .
1265 3835 1273 3848 .

178 3851 221 3891 rn.
342 3851 441 3895 annis
465 3853 540 3910 sex,
559 3836 732 3897 mensibus
755 3832 1170 3909 oct0,d1ebusundecrm.
1224 3834 1294 3897 Hrc

377 4040 384 4071 ¹
402 4043 571 4091 ‘Francorum
581 4039 594 4101 ς’
608 4045 721 4105 wanting
733 4045 758 4091 in
768 4045 805 4092 M.
864 4040 876 4072 ⁸
892 4043 1051 4091 ‘decretavit
1060 4038 1075 4102 ;’
1088 4041 1125 4091 Μ.
1138 4048 1162 4091 et
1174 4043 1221 4091 Ar.

341 4112 391 4159 and
403 4112 450 4161 Ar.
865 4110 873 4139 ⁴
891 4114 898 4140 ⁴
910 4116 1035 4161 attractus
1045 4108 1059 4171 ;’
1072 4113 1140 4162 D'A.

375 4178 386 4211 ²
402 4182 548 4231 ‘Corcellas
558 4177 571 4240 ;’
585 4177 651 4231 ΙΥΑ.
664 4199 669 4228 :
690 4182 804 4230 ‘Cortel-
865 4180 875 4208 ³
891 4183 1037 4231 ‘Naucolio
1047 4179 1060 4241 3¹
1073 4184 1111 4232 M.
1118 4187 1142 4230 et
1151 4182 1199 4231 Ar.
1220 4181 1293 4230 Com·

342 4251 381 4299 las
391 4247 406 4310 ς’
418 4253 457 4301 Μ.
466 4257 491 4300 et
502 4252 550 4301 Ar.
831 4266 891 4311 parc
904 4253 1006 4313 Diceto,
1017 4257 1075 4302 rot.
