2940 4950
176 1209 272 1248 statute·

175 1260 200 1297 oi
209 1258 274 1298 ulul-

175 1308 275 1358 borough.

332 425 398 489 274
693 441 766 490 nro.
789 440 937 489 rnrvurr

335 592 566 679 'Eadwigam
587 599 758 662 ducissam
779 598 947 675 Polouiae,
965 597 1104 662 viduam
1123 599 1293 662 sauctita-

334 698 379 762 tis
405 698 580 762 mirandae.
636 697 808 763 Defuncto
834 717 925 781 papa
943 697 1133 775 Clemente,
1152 699 1293 762 vacavit

334 797 432 861 sedes
455 798 555 861 annis
578 799 700 875 tribus,
724 799 896 862 mensibus
918 798 1064 874 duobus,
1087 797 1208 862 diebus
1231 797 1292 861 de·

334 917 420 960 cem.
474 896 554 961 Hoc
587 918 679 961 anno
710 917 772 961 rex
797 897 936 979 Angliae
962 898 998 961 in
1026 905 1152 962 octava
1178 899 1291 961 sancti

336 996 481 1060 Martini
504 997 767 1080 parliamentum
790 999 901 1062 tenuit
923 997 1014 1080 apud
1039 990 1290 1078 ²Marleberge.

335 1096 371 1160 in
403 1116 472 1178 quo
506 1097 549 1160 de
576 1116 719 1160 assensu
746 1098 910 1161 comitum
945 1104 980 1161 et
1005 1098 1173 1160 baronum
1197 1097 1292 1161 edita

336 1204 417 1259 sunt
431 1203 578 1273 statuta,
600 1196 741 1280 quaeda
764 1197 983 1278 Marleberge
1002 1204 1180 1260 vocantur.
1226 1195 1293 1260 Ni·

336 1297 455 1359 colans
468 1295 512 1360 de
528 1295 633 1378 Hely,
645 1296 910 1377 wigorniensis,
923 1295 1121 1378 postulatus
1135 1304 1170 1360 et
1182 1304 1293 1361 trans-

336 1395 428 1459 latus
444 1403 497 1459 est
514 1395 549 1459 in
563 1389 779 1478 ⁸episcopum
795 1395 1081 1460 wintoniensem.

174 1905 324 1946 naama·
390 1892 559 1955 Seuerus
579 1891 776 1956 Lodovicus
795 1892 1006 1956 Francorum
1023 1912 1097 1968 rex,
1110 1913 1179 1957 uon
1198 1896 1298 1958 terri-

177 1959 201 1996 οἵ
208 1957 239 1995 nt.
247 1955 318 1995 bouis.

340 2000 397 2057 tus
418 1992 602 2074 praeteritis
620 1992 793 2057 laboribus
812 1999 846 2055 et
864 1992 1038 2073 expensis,
1060 2012 1148 2075 quas
1167 1994 1297 2059 fecerat

340 2092 433 2156 ultra
454 2111 560 2168 mare,
583 2093 709 2155 iterato
732 2111 810 2155 cum
827 2084 925 2154 ⁴filiis
945 2091 1029 2169 suis,
1046 2093 1213 2175 adjuncto
1230 2094 1295 2158 sibi

341 2213 421 2274 rege
438 2192 620 2268 Navarrae,
638 2201 673 2255 et
687 2190 950 2274 quamplurimis
967 2192 1190 2256 ecclesiarum
1208 2213 1297 2275 prae·

340 2292 422 2356 latis
461 2298 497 2356 et
538 2292 737 2367 baronibus,
777 2310 841 2372 pro
880 2293 1140 2375 recuperatione
1176 2292 1295 2358 Terrae

342 2391 480 2456 Sanctae
495 2390 562 2454 iter
574 2391 772 2472 assumpsit.
825 2390 957 2454 Verum
981 2392 1023 2455 ad
1049 2391 1114 2456 hoc
1131 2399 1172 2456 ut
1185 2392 1296 2457 Terra

343 2491 471 2555 Sancta
503 2490 638 2554 facilius
662 2498 933 2573 recuperaretur,
960 2491 1080 2555 incidit
1107 2491 1193 2573 ipsis
1216 2512 1296 2557 oon·

343 2591 469 2667 silium,
492 2598 531 2654 ut
555 2610 699 2671 regnum
725 2590 874 2667 Tunicii‚
902 2591 994 2673 quod
1022 2592 1056 2653 in
1078 2592 1190 2656 medio
1214 2611 1296 2656 con·

342 2691 467 2753 sistens
489 2711 556 2753 non
581 2709 726 2772 parvum
743 2690 848 2753 dabat
866 2691 1170 2754 transfretantibus
1188 2693 1295 2774 impe·

342 2788 542 2866 dimentum,
578 2790 736 2872 primitus
777 2789 1052 2854 Christianorum
1086 2791 1297 2874 subjicerent

342 2890 518 2969 potestati.
570 2888 797 2970 Applicantes
821 2890 930 2970 igitur
958 2891 994 2953 in
1024 2910 1132 2971 regno
1157 2891 1295 2955 Tunicii

343 2995 492 3068 portum,
521 2996 556 3050 et
582 2988 840 3070 Carthaginem,
867 2989 912 3052 ad
942 3009 1088 3071 parvum
1119 2991 1295 3056 redactam

341 3087 519 3169 oppidum,
538 3087 645 3170 juxta
667 3089 864 3167 Tunicium,
887 3089 930 3152 de
951 3089 1045 3154 facili
1068 3099 1295 3175 occuparunt.

345 3186 423 3250 Hoc
441 3207 544 3264 anno,
567 3196 669 3251 sexto
692 3188 768 3251 idus
788 3187 930 3270 Aprilis,
953 3189 1179 3254 Eadmundus
1205 3191 1296 3256 filius

343 3288 434 3368 regis
464 3287 566 3350 duxit
597 3306 742 3350 uxorem
777 3288 881 3351 filiam
913 3289 1081 3354 Willelmi
1112 3291 1156 3355 de
1187 3290 1295 3356 Alba·

343 3386 450 3449 marla
468 3386 603 3451 comitis
622 3387 664 3450 de
681 3386 928 3460 Holdernesse.
944 3391 1081 3454 nomine
1102 3389 1294 3468 Avelinam,

343 3505 421 3568 quae
439 3486 538 3550 heres
555 3495 630 3549 erat
648 3495 800 3568 paternae
824 3487 1035 3566 hereditatis,
1052 3499 1088 3554 et
1102 3492 1207 3555 etiarn
1226 3511 1297 3555 ma-

343 3591 470 3649 ternae:
496 3587 629 3649 ratione
647 3587 746 3669 cujus
763 3589 926 3651 comitum
939 3588 1108 3654 Devoniae
1124 3600 1160 3655 et
1173 3591 1294 3655 Vecta

341 3684 464 3748 insulae
479 3686 685 3749 dominicum
701 3686 815 3751 fuerat
835 3686 1028 3766 habiturus,
1048 3689 1109 3753 sed
1127 3709 1203 3754 cum
1223 3697 1296 3754 tota

343 3785 439 3865 prole
471 3793 615 3849 mortem
648 3793 829 3868 pareutum
863 3789 1044 3869 praevenit.
1102 3787 1198 3853 Obiit
1232 3789 1295 3854 hoc

343 3902 434 3946 anno
458 3883 634 3947 Walterus
657 3886 698 3949 de
725 3885 777 3950 La
801 3885 907 3963 ville,
928 3887 1199 3952 Saresberiensis
1225 3890 1296 3971 epi-

370 4088 386 4172 ⁸¹
404 4090 600 4155 ‘Edewygam’
609 4095 647 4143 M.
658 4111 664 4144 :
682 4096 726 4145 i.e.
736 4095 807 4145 Hed·
870 4091 881 4122 ³
895 4097 913 4145 i.
921 4111 944 4146 e.
955 4098 965 4125 ⁴
972 4097 1150 4160 episcopatum
1160 4095 1179 4160 ς’
1191 4094 1258 4151 b’A.

342 4177 432 4222 wrges.

376 4228 387 4260 ²
404 4233 421 4279 i.
433 4247 457 4280 e.
468 4232 658 4294 Marlborougb.
868 4232 878 4262 ⁴
896 4236 970 4286 ‘tiliis
979 4236 1082 4287 duobus
1094 4238 1112 4297 ;'
1122 4239 1163 4290 M.
1174 4244 1200 4289 et
1211 4240 1259 4290 Ar.
