2940 4950
580 429 758 483 nausias.
1098 417 1143 482 75

187 592 347 670 traditus,
374 591 531 675 pluribus
553 589 818 656 Flandrensium
847 590 1063 674 aliorumque
1087 610 1142 655 oc-

187 695 281 771 cisis,
298 692 484 773 multisque
500 693 621 773 captis.
675 690 830 755 Berones
855 691 963 774 aliqui
981 691 1143 756 Britones

187 800 223 857 et
245 792 451 869 Normanni,
473 793 584 874 captis
604 791 851 856 munitionibus
871 810 989 855 eorum
1009 799 1045 856 et
1066 810 1142 855 cas·

188 894 281 957 tellis
312 912 334 956 a
362 911 444 973 rege
476 892 620 970 seniore,
649 890 693 953 ad
727 910 868 955 nemora
894 890 1141 974 confugientes,

189 1001 300 1057 terras
341 992 433 1072 regis
473 1010 567 1055 more
603 989 882 1055 latrocinantium
920 990 1142 1056 infestabant.

190 1091 271 1156 Rex
302 1092 418 1156 senior
450 1091 573 1154 summi
607 1090 781 1173 pontificis
815 1090 983 1154 auxilium
1021 1097 1144 1154 contra

189 1191 278 1255 filios
310 1190 511 1273 implorans,
546 1189 656 1254 eidem
689 1189 824 1255 litteras
854 1190 994 1273 scripsit
1023 1189 1143 1275 hujus·

188 1291 281 1355 modi
297 1291 449 1355 tenoris:

238 1390 487 1455 ‘Sanctissimo
504 1407 569 1452 suo
586 1386 724 1451 domiuo
742 1385 955 1468 Alexandro,
973 1388 1045 1452 Dur
1064 1407 1142 1471 gra·
1154 1420 1278 1472 moines

188 1491 238 1555 tia
257 1488 447 1555 Catholicae
462 1488 616 1553 ecclesiae
630 1507 764 1552 summo
780 1488 948 1571 pontifici,
968 1487 1142 1553 Henricus
1154 1471 1291 1572 {imm

190 1611 253 1655 rex
269 1590 475 1673 Anglorum,
492 1590 563 1653 dux
586 1588 810 1653 Normanniae
829 1595 865 1652 et
879 1588 1090 1671 Aquitaniae,
1107 1595 1142 1652 et
1153 1572 1296 1672 ,lffiffiffl'

186 1710 301 1755 comes
318 1684 557 1772 ¹Andegaviae,
580 1689 726 1753 salutem
749 1697 785 1752 et
807 1689 942 1754 devotae
964 1689 1142 1754 servitutis
1153 1672 1289 1764 ww

187 1792 401 1873 obsequium.
454 1790 498 1854 In
522 1808 726 1871 magnorum
752 1789 987 1853 discriminum
1013 1808 1141 1871 angus·

189 1891 260 1967 tiis,
277 1891 337 1953 ubi
359 1890 548 1954 domestica
571 1890 717 1954 consilia
742 1890 928 1953 remedium
953 1909 1022 1954 uon
1044 1890 1142 1953 inve·

189 1990 301 2064 niunt,
324 2009 441 2052 eorum
459 1987 623 2069 suffragia
640 1989 877 2070 implorantur,
896 2009 1041 2072 qnorum
1059 2008 1141 2071 pru-

190 2087 341 2150 dentiam
369 2089 404 2150 in
433 2087 613 2150 altioribus
645 2088 792 2168 negotiis
824 2089 1039 2170 experientia
1065 2088 1141 2168 diu7

191 2185 325 2249 turnior
340 2186 557 2268 approbavit.
604 2185 724 2265 Longe
740 2184 877 2267 lateque
893 2187 1074 2268 divulgata
1089 2193 1143 2250 est

191 2304 345 2349 meorum
377 2285 524 2348 filiorum
555 2284 698 2360 malitia,
728 2303 815 2365 quos
844 2285 894 2349 ita
926 2285 963 2348 iu
997 2286 1142 2349 exitium

188 2384 299 2466 patris
328 2385 470 2466 spiritus
501 2383 695 2465 iniquitatis
728 2384 888 2462 armavit,
923 2390 962 2448 ut
996 2385 1142 2466 gloriam

189 2492 350 2567 reputent
367 2492 402 2548 et
424 2483 635 2566 triumphum
657 2489 790 2567 patrem
813 2485 985 2566 persequi,
1009 2491 1044 2548 et
1059 2484 1144 2548 filia·

191 2583 241 2646 les
265 2583 408 2647 affectus
436 2583 472 2645 in
498 2584 656 2647 omnibns
685 2576 850 2647 'diffiteri
903 2582 1144 2649 Praeveniente

190 2702 344 2746 meorum
381 2683 558 2765 exigentia
598 2681 811 2758 delictorum,
850 2683 908 2746 ubi
956 2684 1142 2766 pleniorem

191 2782 405 2864 voluptatem
421 2784 616 2848 contulerat
629 2781 712 2845 mihi
736 2783 917 2859 Dominus,
935 2783 982 2846 ibi
1000 2783 1143 2866 gravius

191 2902 245 2946 me
275 2883 450 2965 flagellat3
483 2890 519 2947 et
543 2882 635 2965 quod
662 2882 736 2945 sine
765 2882 928 2964 lacrymis
953 2902 1022 2946 non
1053 2884 1142 2960 dico,

189 2990 312 3046 contra
339 2983 543 3064 sanguinem
569 3000 683 3044 meum
714 2987 749 3045 et
776 2983 909 3045 viscera
935 3001 1014 3046 mea
1037 3002 1144 3065 cogor

189 3081 306 3144 odium
336 3082 529 3146 immortale
561 3080 752 3162 concipere,
783 3088 819 3145 et
847 3088 1032 3145 extraneos
1060 3081 1144 3145 mibi

190 3199 344 3261 quaerere
368 3199 596 3255 successores,
620 3199 664 3243 ne
689 3180 822 3243 videam
847 3181 890 3244 de
914 3181 1045 3244 semine
1067 3200 1144 3244 meo

191 3278 367 3341 sedentem
394 3298 498 3360 super
529 3279 651 3343 solium
677 3297 801 3341 meum.
855 3279 946 3342 Illud
976 3288 1145 3361 praeterea

190 3379 255 3442 sub
273 3378 411 3443 silentio
429 3377 576 3443 transire
593 3397 662 3441 non
675 3397 829 3460 possum,
846 3378 938 3460 quod
957 3379 1059 3442 amici
1077 3381 1144 3442 mei

191 3487 405 3543 recesserunt
444 3498 465 3542 a
501 3498 568 3555 me,
604 3486 640 3542 et
668 3477 847 3541 domestici
883 3479 950 3541 mel
983 3488 1145 3561 quaerunt

188 3579 338 3642 animam
365 3598 487 3643 meam.
540 3578 597 3642 Sic
626 3578 715 3641 enim
744 3577 963 3642 familiarium
992 3598 1143 3644 meorum

188 3678 322 3742 animos
344 3678 558 3743 clandestina
579 3678 773 3761 conjuratio
796 3679 975 3756 toxicavit,
998 3687 1037 3743 ut
1064 3700 1144 3764 per·

188 3777 271 3841 ditae
289 3772 540 3844 3observationi
562 3778 829 3861 conspirationis
849 3781 1011 3844 universa
1036 3773 1145 3864 *post-

222 3977 231 4009 ¹
242 3986 250 4008 ⁴
261 3979 351 4029 Comes
364 3980 556 4042 Andegavensis
571 3986 597 4029 et
609 3978 658 4030 Ce-
720 3975 731 4008 ²
743 3980 801 4028 Cod.
811 3980 874 4040 Reg.
885 3974 1008 4028 ‘diferri‘
1026 3979 1034 4005 ‘
1046 3977 1145 4025 Didite·

190 4051 350 4099 nomanensis
359 4047 380 4110 ς’
402 4051 536 4112 Batonius,
556 4052 609 4099 xix.
632 4064 658 4109 p.
685 4049 723 4098 ri'
735 4051 757 4097 is
769 4049 832 4097 lrom
844 4050 882 4099 M.
894 4050 943 4097 and
954 4048 1001 4097 Ar.

190 4123 254 4181 403;
266 4121 316 4168 and
326 4121 420 4170 Petrus
430 4121 568 4182 Blesensis,
577 4121 624 4181 Ep.
633 4133 658 4180 p.
720 4116 730 4148 ³
740 4120 918 4167 ‘obstinationi
929 4114 945 4175 ς’
968 4114 1055 4165 m..-
1080 4116 1087 4141 ‘
1098 4115 1144 4163 ob·

194 4192 250 4252 136,
263 4189 304 4239 ed.
318 4194 390 4241 1519.
685 4190 819 4238 semmaa
829 4184 844 4244 ;'
858 4189 951 4235 lluron.

720 4255 730 4287 ⁴
742 4259 749 4285 ‘
761 4257 930 4305 Praibabeant
938 4253 956 4314 ;'
968 4253 1016 4303 Ar.
