2940 4950
410 425 476 492 262
765 438 1006 490 urormvnrr

411 597 632 680 progreditur
649 614 770 660 versus
791 593 1121 678 Mentem-gemoth
1140 593 1259 675 ibique
1274 591 1369 656 iactu

413 716 498 779 pace
526 697 616 760 inter
638 696 797 760 comitem
826 694 1011 778 Symonem
1037 703 1074 760 et
1096 692 1284 777 praedictos
1308 710 1369 755 no·

412 796 512 872 biles,
541 796 632 859 datis
663 796 707 859 ab
740 796 790 859 eis
817 794 1007 871 obsidibus,
1037 813 1153 859 comes
1181 790 1227 855 ad
1250 798 1368 874 partes

414 894 585 959 australes
613 895 810 970 revortitur,
836 902 876 958 ut
900 901 1098 958 occurreret
1118 891 1267 968 milities,
1289 908 1369 972 qum

415 994 457 1061 de
482 994 638 1076 partibus
665 992 859 1059 Gallicanis
880 993 917 1057 in
939 993 1033 1074 regis
1059 991 1252 1059 subsidium
1276 989 1368 1055 dice·

414 1096 518 1159 batur
536 1100 691 1158 ventura

253 1216 391 1308 rogerus
467 1192 630 1257 Urbanus
672 1209 776 1274 papa,
816 1189 1005 1255 turbationi
1042 1189 1143 1271 regni
1179 1186 1370 1270 Angiiceni

253 1279 281 1357 ii
282 1269 347 1366 iim
335 1277 385 1355 Ὗ.
416 1293 641 1375 compatiens,
674 1290 829 1373 legatum
862 1290 957 1355 misit
984 1283 1176 1354 ¹dominum
1204 1286 1370 1352 Sabinou·

253 1369 291 1406 the
300 1328 392 1406 troir’atrl

254 1417 392 1467 amsans.
416 1411 489 1455 som
505 1393 702 1474 episcopum
719 1389 953 1469 cardinalem,
977 1389 1038 1471 qui
1054 1387 1220 1470 Anglium
1237 1387 1370 1451 intrare

418 1510 488 1556 non
504 1491 642 1567 valens,
659 1489 800 1571 navigio
817 1487 980 1571 Quinque
999 1486 1169 1553 Portuum
1193 1504 1291 1550 mure
1312 1505 1371 1551 oc·

417 1597 578 1671 cupante,
596 1589 763 1672 quosdam
787 1589 967 1672 episcopos
986 1586 1125 1670 Anglioe
1141 1586 1186 1652 ud
1203 1605 1242 1652 se
1260 1585 1372 1669 primo

418 1687 612 1764 Ambianis,
653 1688 775 1751 deinde
808 1687 990 1752 Boionium
1024 1687 1206 1763 evocavit3
1245 1685 1373 1768 quibus

417 1788 623 1852 sententiam
649 1786 1015 1852 excommunicationis
1034 1794 1071 1851 et
1093 1785 1268 1850 interdicti
1294 1803 1373 1849 auo·

419 1888 560 1951 toritate
591 1886 708 1969 papali
747 1887 784 1951 in
821 1886 998 1952 civitatem
1035 1884 1307 1962 Londonierum,
1336 1894 1374 1949 et

419 1985 582 2068 Quinque
605 1985 747 2071 Portus,
766 2005 953 2068 omnesque
974 2004 1094 2068 pacem
1116 1985 1208 2067 regis
1230 1982 1372 2066 Angue

420 2086 599 2150 turbantes
637 2084 868 2160 fulminatum,
904 2083 1147 2167 publicandum
1181 2102 1374 2167 exsequen-

419 2186 567 2268 damque
597 2184 779 2249 commisit.
848 2184 1165 2249 Dissimulaverunt
1198 2182 1373 2249 nihilomi-

420 2304 486 2351 nus
506 2284 658 2367 episcopi
677 2284 867 2365 negotium,
889 2283 933 2348 de
953 2283 1054 2368 cujus
1071 2301 1179 2348 ceusu
1194 2303 1265 2349 non
1288 2284 1375 2349 sads

420 2392 516 2448 corta
531 2384 657 2448 diversi
671 2383 768 2447 varie
783 2384 982 2466 opinantur.

286 2519 308 2547 te
332 2518 379 2546 n-
472 2483 552 2547 Hoc
575 2502 665 2546 anno
688 2483 852 2565 apparuit
876 2491 1012 2548 cometa
1036 2489 1107 2546 tarn
1132 2482 1310 2561 notabilis,
1335 2490 1374 2548 ut

293 2567 387 2598 ‘mm'
420 2584 540 2646 scribit
571 2582 678 2646 frater
706 2581 880 2645 Martinus
909 2583 944 2645 in
970 2581 1141 2647 chronicis
1169 2583 1255 2658 suis,
1281 2583 1373 2664 quod

422 2683 537 2745 nullus
559 2692 642 2747 tunc
663 2682 783 2745 vivens
807 2682 911 2745 telem
936 2689 1018 2746 ante
1035 2680 1173 2746 viderit.
1224 2681 1283 2746 Ab
1310 2683 1377 2747 ori-

422 2790 501 2845 ente
533 2782 623 2844 enim
655 2800 732 2845 cum
765 2799 893 2862 magno
923 2781 1058 2863 fulgore
1087 2799 1234 2863 surgens
1265 2801 1374 2864 usque

422 2880 466 2943 ad
494 2879 643 2943 medium
668 2880 900 2963 hemisphaerii
928 2900 1048 2946 versus
1077 2880 1290 2945 occidentem
1318 2901 1376 2946 co·

423 2998 514 3041 mam
535 2979 746 3060 perlucidam
769 2980 1012 3063 pertrahebet;
1038 2987 1075 3044 et
1097 2979 1179 3045 licet
1200 2980 1237 3045 in
1261 2979 1374 3047 direr-

423 3077 472 3141 sis
510 3077 628 3142 mundi
662 3080 821 3160 partibus
856 3079 967 3143 multa
995 3079 1084 3143 forte
1115 3078 1374 3162 significaverit,

423 3177 490 3242 hoc
516 3186 631 3242 tamen
657 3196 763 3242 unum
794 3186 974 3262 procerte
1003 3185 1217 3261 compertum
1244 3188 1312 3258 est,
1337 3188 1376 3246 ut

424 3297 502 3341 cnm
526 3278 707 3361 plusquam
738 3297 799 3361 per
824 3286 895 3342 tres
920 3298 1055 3343 menses
1081 3278 1273 3358 duraverit,
1294 3281 1376 3364 ,ipso

426 3379 536 3460 primo
559 3385 748 3460 apparente
771 3397 864 3460 papa
885 3378 1048 3443 Urbanus
1069 3377 1237 3444 infirmari
1258 3381 1377 3463 coepit,

427 3487 461 3541 et
487 3479 605 3542 eadem
633 3485 733 3541 nocte
760 3497 831 3559 qua
855 3496 949 3561 papa
971 3484 1127 3542 mortuus
1150 3485 1205 3543 est
1226 3471 1379 3545 ”cometa

297 3608 310 3636 s
343 3609 356 3637 0
426 3577 609 3658 disparuit.
662 3576 757 3642 Obiit
779 3585 895 3641 autem
926 3577 1062 3642 Perusii
1087 3584 1124 3641 et
1144 3578 1304 3661 sepultus
1325 3587 1379 3645 est

264 3659 372 3788 &3:353
426 3675 563 3739 ibidem.
640 3677 781 3741 Urbano
816 3678 985 3742 successit
1023 3676 1185 3742 Clemens
1221 3688 1380 3761 quartus,

399 3776 404 3786 '
427 3775 566 3839 natione
583 3775 836 3855 Prouincialis3
870 3777 931 3860 qui
945 3770 1074 3859 ³prim0
1088 3795 1232 3842 uxorem
1249 3777 1381 3844 bahem

462 4017 470 4050 ¹
487 4021 505 4070 i.
516 4035 540 4069 e.
559 4020 656 4081 Gnido,
678 4020 721 4068 the
744 4035 814 4070 same
831 4022 891 4070 who
949 4016 1061 4071 'Hali's
1077 4021 1255 4071 emendation:
1280 4023 1383 4074 ‘eome-
1418 4066 1430 4087 ,

426 4090 567 4139 succeeded
584 4091 671 4140 Urban
688 4091 722 4151 by
733 4091 775 4140 the
793 4091 848 4140 title
865 4091 894 4139 of
914 4086 976 4150 tes3’
989 4093 1049 4142 eod.
1062 4091 1126 4152 Rea.

427 4160 599 4211 Clementh.
949 4159 1384 4227 '‘postuxoretnhubensetiilios,

873 4242 880 4255 ·
913 4230 1027 4282 famosus
1037 4231 1064 4280 tt
1074 4231 1216 4281 advocatus
1224 4232 1242 4292 ς’
1252 4233 1293 4284 ΙΙ.
