2940 4950
570 474 752 522 annuens.
1072 456 1136 521 153

185 631 259 693 sine
275 648 482 712 quocunque
498 622 593 693 ¹snco
612 629 667 694 vel
685 629 987 712 superinductione
1008 629 1137 707 fallaci,

185 729 258 792 fieri
288 731 436 794 statuit:
480 729 622 793 alterins
653 729 838 794 schematis
868 731 1041 807 inventas
1068 750 1137 793 non

185 829 346 893 obstante
371 828 606 913 cujuscunque
636 829 843 893 auctoritate
867 828 1038 912 indigenae
1062 830 1137 894 sive

184 929 400 1010 alienigenae,
431 948 453 992 a
484 929 588 1010 regiis
616 929 782 992 ministris
812 930 977 993 comburi.
1039 928 1138 992 Fecit

186 1028 289 1090 etiam
305 1028 378 1090 fieri
393 1028 493 1091 ulnas
509 1028 650 1104 ferreas,
670 1047 757 1111 quas
780 1028 969 1093 diminuere
984 1029 1026 1092 de
1044 1027 1138 1091 facili

186 1146 285 1190 nemo
300 1128 418 1209 possit.
471 1126 587 1190 Unam
604 1128 746 1209 insuper
762 1135 935 1190 monetam
954 1147 1014 1210 per
1029 1134 1137 1191 totam
1150 1145 1275 1183 annone·

1151 1205 1191 1234 one
1199 1193 1246 1233 coln

188 1235 326 1304 terram,
360 1227 403 1289 ad
437 1245 598 1308 magnam
630 1227 750 1309 populi
782 1227 979 1303 utilitatem,
1004 1228 1063 1309 qui
1092 1246 1136 1289 ex
1150 1245 1206 1283 roa

186 1325 261 1409 ejus
278 1325 480 1390 diversitate
502 1327 724 1407 gravabatur,
741 1327 864 1389 statuit
878 1325 1137 1390 admittendam.
1150 1293 1280 1384 {wlff

186 1424 495 1506 Sophisticationes
518 1444 651 1506 pannos
678 1425 911 1502 vendentium,
930 1424 991 1507 qui
1015 1444 1059 1488 ex
1085 1443 1139 1488 re·

186 1526 407 1607 percussione
436 1524 615 1587 meliorum
634 1524 799 1601 colorum,
816 1525 871 1586 vel
896 1543 940 1587 ex
959 1523 1140 1587 adumbra-

187 1625 280 1687 tione
298 1624 464 1700 locorum,
487 1623 618 1687 colores
645 1623 856 1688 adulterinos
874 1624 1044 1704 gratiores
1063 1623 1139 1687 red·

188 1722 326 1799 debant,
340 1723 477 1805 penitus
495 1722 656 1786 abolevit.

237 1821 293 1886 Ad
317 1823 391 1886 haec
407 1823 511 1886 etiam
528 1821 551 1885 J
555 1822 661 1886 ndaeis
678 1831 919 1904 procuratores
938 1824 1139 1905 praeposuit,
1151 1842 1212 1882 uam
1220 1841 1283 1881 xerse

188 1923 246 2003 qui
269 1923 358 1985 inter
385 1921 601 1986 Christianos
619 1929 655 1985 et
672 1920 828 2000 Judaeos,
843 1923 898 1986 vel
921 1923 1025 1986 etiam
1050 1893 1302 1988 interi'ssirffi‘ro

188 2021 284 2102 ipsos
301 2020 324 2084 J
328 2020 458 2097 udaeoS,
475 2022 504 2083 si
527 2019 610 2103 quid
628 2021 777 2101 querelae
795 2030 998 2103 emergeret,
1016 2021 1139 2085 diffini·
1152 2002 1225 2041 ”⁸⁰¹⁵

188 2126 276 2183 rent.
317 2117 374 2183 Ad
393 2119 583 2182 cohibenda
599 2121 703 2182 etiarn
716 2119 837 2183 dolosa
849 2119 872 2183 J
876 2120 1052 2184 udaeornm
1067 2141 1140 2184 rna·

189 2217 419 2295 chinamenta,
437 2219 559 2281 statuit
577 2217 668 2280 inter
687 2216 904 2282 catholicum
927 2228 963 2283 et
979 2218 1002 2282 J
1006 2220 1141 2283 udaeum

191 2317 276 2381 nihil
310 2318 398 2381 clam
430 2316 714 2393 contrahendum,
744 2316 805 2379 sed
831 2319 896 2381 snb
927 2318 1141 2399 quorundam

189 2417 387 2481 testimonio
422 2418 465 2480 ad
501 2416 566 2480 hoc
592 2415 866 2498 deputandorum
893 2416 1029 2498 publice
1060 2436 1141 2480 con-

190 2524 322 2580 tractus
346 2516 439 2595 fieri;
471 2536 575 2599 snper
604 2515 729 2597 quibus
757 2515 850 2578 trina
876 2509 1143 2579 ²conficerentur

189 2617 330 2697 scripta,
353 2635 501 2699 quorum
527 2634 632 2679 unum
655 2614 746 2696 apud
774 2614 938 2691 fiscanne
960 2613 1054 2678 aliud
1076 2615 1141 2679 sub

190 2715 347 2778 custodia
386 2715 451 2778 viri
488 2714 554 2778 fide
590 2714 698 2795 digni,
737 2715 875 2777 tertium
917 2733 998 2778 vero
1036 2733 1141 2796 penes

190 2813 352 2878 Judaeum
368 2815 570 2878 creditorem
595 2821 772 2890 maneret;
799 2813 835 2875 in
853 2832 921 2894 quo
938 2813 1051 2898 siquid
1070 2813 1141 2879 doli
1188 2884 1192 2892 ,

191 2921 230 2977 ut
248 2915 343 2996 prins
364 2914 651 2989 machinarentur,
677 2932 721 2976 ex
745 2912 874 2994 duplici
896 2915 1139 2977 convinceren-

190 3021 248 3075 tur
270 3013 439 3095 producta
465 3005 660 3095 scriptura.³
711 3011 945 3076 Christianum
969 3012 1140 3077 fenerato-

191 3132 261 3176 rem
284 3113 358 3176 fieri
382 3111 568 3194 prohibuit,
591 3117 651 3176 aut
674 3129 880 3193 quacunque
902 3113 1140 3176 conventionis

190 3212 370 3275 occasione
403 3211 497 3274 aliud
529 3211 678 3294 recipere
709 3210 800 3273 ultra
833 3208 867 3271 id
901 3210 991 3292 quod
1020 3224 1141 3276 mutuo

190 3311 425 3375 concessisset.
489 3309 591 3388 Quod
610 3310 640 3372 si
657 3309 735 3390 quis
753 3308 882 3373 reditus
899 3309 954 3371 vel
979 3316 1089 3372 terras
1106 3311 1142 3373 in

191 3411 316 3492 pignus
339 3409 522 3492 acceperit,
545 3408 635 3471 unde
662 3426 813 3471 annuum
840 3407 1035 3488 proveniret
1052 3428 1142 3471 euro·

191 3508 395 3585 Iumentum,
423 3516 562 3590 recepta
595 3516 728 3571 tantum
760 3513 854 3569 sorte
880 3506 1036 3587 obligata
1062 3525 1142 3588 pos·

190 3609 298 3672 sessio
316 3608 442 3671 rediret
459 3607 503 3670 ad
519 3608 705 3682 dominum,
721 3625 789 3668 non
807 3606 967 3669 obstante
984 3607 1142 3688 pactione

190 3707 428 3791 cujuscunque
450 3707 585 3770 termini
609 3705 760 3770 nondum
782 3706 957 3768 transacti.
1004 3706 1093 3771 Haec
1108 3717 1143 3770 et

227 3952 236 3985 ¹
254 3955 328 4003 ‘ricto
337 3951 353 4016 ;’
365 3957 403 4006 M.
680 3956 723 4016 ing
734 3955 789 4002 that
803 3954 834 4003 he
852 3955 902 4003 had
918 3955 1028 4017 adopted
1046 3958 1065 4004 it
1081 3956 1143 4004 from

681 4023 722 4071 the
739 4025 914 4072 constitutions
931 4024 959 4071 ol
971 4026 1013 4073 the
1029 4026 1105 4086 kings
1118 4025 1147 4073 os

683 4094 788 4153 Franco,
806 4094 856 4141 and
876 4093 998 4154 referring
1018 4099 1043 4141 to
1058 4094 1090 4143 V.
1103 4094 1144 4142 Cl.

226 4153 415 4208 'D’Acheriua
433 4159 521 4208 denies
537 4158 592 4208 that
605 4161 657 4209 this
683 4163 811 4211 Eusebius
840 4162 872 4210 de
899 4161 1031 4222 munere,
1056 4163 1081 4210 in
1104 4162 1144 4211 his

190 4229 241 4279 law
255 4242 310 4277 was
321 4228 371 4278 due
386 4234 412 4276 to
428 4227 551 4290 Richard,
567 4236 658 4279 essert
682 4232 748 4281 book
760 4230 971 4281 ‘ordinationum
984 4227 1136 4293 Regiorum!

227 4051 238 4085 2
253 4057 466 4106 ‘consisterentur
475 4052 490 4116 3'
501 4056 550 4108 Ar.
