2948 4942
395 438 461 503 212
756 453 829 500 nro.
847 453 993 499 rnrvnrr

398 606 542 676 ¹clerum
561 629 752 675 sermonem
770 611 936 694 explevit.
989 611 1180 674 Occasione
1197 611 1273 694 ejus
1292 610 1354 674 ha-

397 715 545 776 buerunt
561 711 685 775 fratres
707 712 794 774 duas
816 710 953 775 scholas
976 711 1064 774 iufra
1087 720 1187 792 septa
1204 729 1280 786 sua,
1298 730 1352 774 re·

397 820 554 876 sumente
573 831 613 875 eo
633 810 799 874 lectiones
818 829 900 874 suas
919 819 997 894 post
1015 810 1144 874 ordinis
1157 811 1351 892 ingressum

399 911 442 975 ad
458 913 689 993 importunam
705 910 906 975 instantiam
925 911 1132 974 auditorum.
1179 910 1353 974 Suavissi·

399 1031 475 1075 mus
492 1011 620 1094 quippe
638 1010 858 1074 moralizator
875 1017 961 1087 erat,
977 1011 1114 1075 utsatis
1131 1010 1352 1074 considerare
1378 1083 1381 1087 ,

400 1112 539 1194 poterit,
561 1111 621 1193 qui
643 1110 749 1173 libros
771 1110 847 1192 ejus
870 1111 1060 1194 inspexerit
1085 1129 1187 1174 manu
1211 1109 1352 1192 propria

399 1211 610 1274 emendatos.
663 1209 746 1273 Fuit
769 1208 989 1273 nihilominus
1016 1211 1053 1273 iu
1075 1217 1150 1274 arte
1172 1209 1352 1273 modiciuae

398 1309 674 1393 expertissimus,
699 1316 821 1391 utpote
844 1310 905 1392 qui
925 1318 995 1373 tam
1017 1308 1162 1372 Parisiis
1184 1328 1289 1392 quam
1314 1309 1352 1372 iu

400 1409 709 1492 Moutepessulano
750 1416 889 1473 rexerat
923 1409 958 1472 iu
993 1408 1135 1487 eadem3
1177 1408 1220 1472 de
1252 1407 1352 1491 cujus

400 1509 491 1573 curis
524 1517 560 1574 et
595 1507 944 1591 prenosticationibus
978 1509 1172 1572 referuntur
1203 1507 1355 1591 plurima

238 1625 359 1665 nicander
401 1608 612 1672 admiranda.
663 1607 863 1671 Alexander
879 1627 972 1684 ver0,
995 1609 1054 1690 qui
1078 1608 1223 1671 fratrum
1240 1607 1353 1671 Mino

239 1675 347 1716 ΗΜ
401 1728 478 1770 rum
504 1707 656 1771 ordinem
683 1708 859 1787 ingressus
885 1715 950 1783 est,
973 1706 1148 1771 Summam
1169 1707 1354 1789 theologiae

199 1840 215 1870 ·
400 1807 469 1870 illis
487 1807 697 1889 temporibus
711 1807 891 1888 perutilem
903 1808 1168 1889 conscripserat,
1183 1826 1260 1871 cum
1279 1806 1356 1870 dili·

401 1907 518 1989 gentia
535 1906 877 1970 maxima'etlabore.
906 1905 1004 1970 Obiit
1018 1906 1227 1989 Radulphus
1239 1905 1357 1971 cices-

401 2007 528 2071 trensis
544 2007 738 2088 episcopus.

452 2492 622 2557 Jonnnus
653 2513 714 2556 rex
746 2491 943 2556 Jerusalem
968 2489 1003 2553 iu
1033 2489 1174 2553 Italiam
1203 2491 1357 2568 veniens,

402 2592 507 2656 filium
545 2611 642 2655 suam
682 2611 786 2675 quam
826 2592 970 2654 unicam
1000 2589 1161 2666 hahebat,
1197 2588 1357 2654 heredem

403 2693 511 2773 regni,
541 2691 723 2754 Frederico
751 2691 949 2772 imperatori
975 2688 1192 2753 matrimonio
1215 2691 1358 2771 copula-

403 2792 475 2870 vit;
500 2791 541 2854 de
569 2809 638 2873 qua
663 2791 850 2872 imperator
869 2789 977 2853 filium
997 2782 1110 2852 ²suum
1136 2789 1268 2870 genuit,
1293 2809 1357 2854 no-

403 2890 494 2954 mine
518 2889 762 2953 Conradiuum.
815 2888 912 2952 Obiit
935 2888 1116 2971 Philippus
1143 2887 1356 2953 Francorum

404 3009 478 3067 rex,
496 2990 550 3053 oui
567 2988 657 3052 filius
676 2989 871 3053 Lodovicus
886 2989 1064 3066 successit,
1078 2987 1137 3070 qui
1151 3006 1229 3050 cum
1246 3007 1359 3052 uxore

404 3082 567 3166 ³Blanca,
590 3095 715 3153 octavo
737 3088 814 3152 idus
836 3088 1002 3169 Augusti,
1026 3107 1047 3150 a
1074 3086 1260 3151 Guillelmo
1286 3087 1358 3152 Re-

404 3191 514 3253 mensi
546 3188 804 3271 archiepiscopo
837 3188 1011 3263 inunctus,
1042 3188 1138 3268 regui
1164 3187 1359 3253 diademate

405 3290 600 3371 insignitur.
646 3287 801 3352 Joanues
826 3307 888 3351 rex
910 3286 1119 3362 Jerusalem,
1139 3286 1233 3351 sacta
1258 3306 1358 3370 pere-

405 3390 600 3470 grinatione
622 3389 665 3451 ad
689 3389 724 3452 S.
742 3387 927 3463 Jacobuur,
956 3387 1127 3450 transiens
1152 3405 1213 3468 per
1240 3404 1358 3468 regem

406 3488 578 3566 Castellae,
595 3508 748 3551 sororem
765 3488 841 3570 ejus
858 3486 1105 3568 Berengariam
1120 3485 1254 3567 accepit
1271 3504 1359 3550 uxo-

404 3605 487 3650 rem.
541 3587 735 3651 Lewelinus
764 3587 923 3670 princeps
945 3586 1096 3663 Walliae,
1122 3584 1358 3650 consoederato

403 3685 468 3748 sihi
486 3686 638 3768 Hugone
653 3687 696 3749 de
714 3686 798 3749 Laci
813 3706 890 3765 cum
907 3685 984 3749 aliis
1001 3685 1218 3768 quibusdam,
1236 3704 1358 3766 pacem

403 3784 543 3866 Angliae
560 3785 789 3867 perturbavit,
805 3785 1028 3868 inquietando
1047 3784 1258 3849 Willelurum
1277 3784 1358 3849 Ma·

402 3885 537 3949 rescelli
559 3884 743 3968 juniorem,
773 3886 984 3967 baronesque
1005 3886 1091 3949 alios
1115 3885 1188 3965 regi
1209 3883 1357 3949 fideliter

402 3985 638 4063 adhaereutes3
662 4004 808 4068 quorum
833 3985 1104 4050 machinationes
1128 4003 1190 4047 rex
1211 3984 1357 4049 collecto

437 4176 444 4205 ¹
462 4178 604 4240 ‘pulpitum
613 4172 629 4237 ;'
642 4177 680 4227 M.
692 4180 716 4226 et
727 4175 775 4226 Ar.
926 4173 936 4203 ³
951 4177 1086 4226 ‘Blaucha
1095 4173 1112 4237 ;'
1125 4177 1177 4226 M.:
1190 4176 1359 4240 ‘Blauchea;’

435 4241 446 4278 ¹
463 4248 583 4309 Wautiug
594 4247 620 4296 iu
632 4247 672 4298 M.
890 4246 937 4298 Ar.
