2940 4950
567 463 754 514 susanne.
1074 449 1142 514 267

237 623 397 706 Denique
428 623 650 706 triumphatis
682 623 853 699 hostibus,
883 643 945 686 rex
975 625 1162 728 potestati
1156 637 1306 728 11¹3ng

185 724 292 805 regiae
312 723 507 799 restitutus,
522 723 737 787 Wintoniam
765 722 807 786 de
827 723 971 787 consilio
992 723 1053 786 filii
1071 725 1143 789 vic·
1155 690 1238 787 rien-r

185 823 272 887 toris
314 822 528 904 aliorumque
575 822 840 905 parliamentum
887 831 1056 887 convocat
1106 824 1142 887 in

188 921 387 987 Nativitate
412 920 569 1004 Virginis
600 923 773 1003 gloriosae,
804 923 861 986 ubi
888 923 976 987 inito
998 923 1143 987 consilio

187 1022 364 1086 civitatem
381 1020 638 1086 Londoniarum
657 1023 701 1085 ob
715 1040 813 1085 suam
832 1021 1052 1086 rebellionem
1077 1024 1144 1106 pri·

187 1121 286 1185 ravit
299 1121 457 1185 omnibus
471 1121 663 1203 privilegiis
679 1120 965 1202 libertatibusque
980 1122 1142 1204 antiquis,

187 1220 456 1303 capitaneosque
485 1219 648 1285 factionis
670 1230 792 1284 contra
818 1240 933 1302 regem
951 1220 1058 1304 juxta
1082 1241 1143 1286 vo·

186 1319 358 1384 luntatem
384 1339 483 1384 suam
508 1319 708 1402 plectendos
733 1319 835 1402 jubet
862 1321 993 1384 carceri
1018 1321 1144 1384 manci·

187 1418 275 1502 pari.
329 1418 372 1483 In
389 1419 480 1484 festo
498 1438 579 1484 vero
595 1419 632 1483 S.
645 1419 807 1483 Edwardi
821 1419 914 1501 regis
933 1438 1064 1496 omnes,
1083 1421 1143 1502 qui

190 1527 314 1585 contra
325 1519 500 1584 dominum
518 1538 618 1583 suum
636 1538 751 1601 regem
763 1538 840 1583 cum
855 1521 980 1584 comite
995 1519 1145 1602 Symone

189 1611 387 1695 'steterant
407 1617 519 1683 edicto
537 1619 675 1701 publico
693 1618 969 1697 exheredantur3
998 1639 1144 1701 quorum

190 1736 274 1781 mox
292 1725 403 1783 terras
415 1736 478 1782 rex
496 1716 577 1796 illis,
597 1718 658 1800 qui
672 1719 738 1783 sibi
753 1718 900 1782 fideliter
914 1718 1145 1796 adhaeserant,

192 1816 340 1882 eontulit
369 1817 523 1900 pensatis
552 1818 682 1882 meritis
712 1817 938 1900 singulorum.
992 1818 1146 1884 Exhere-

191 1916 265 1981 dati
285 1936 369 1981 vero
392 1917 629 1983 coadunantes
652 1936 690 1982 se
717 1919 846 2001 passim
872 1917 1145 2001 depraedationes

190 2023 227 2081 et
243 2016 401 2082 incendia
417 2017 640 2082 exercebant.
726 2052 738 2079 ι

242 2115 374 2181 Eodem
393 2136 485 2181 anno
507 2116 716 2196 Ottobonus,
737 2115 831 2181 tituli
853 2115 888 2180 S
906 2115 1052 2180 Adriani
1073 2117 1145 2181 dia·

190 2234 299 2283 oenus
316 2215 514 2292 cardinalis,
533 2234 555 2279 a
573 2215 712 2281 domino
736 2235 827 2299 papa
850 2214 1028 2280 Clemente
1052 2215 1144 2298 lega-

190 2323 249 2380 tus
264 2315 302 2379 in
319 2315 483 2398 Angliam
498 2315 702 2381 destinatur.
754 2314 913 2391 Carolus,
928 2315 1036 2379 frater
1052 2317 1170 2425 regis
1156 2335 1233 2375 ιιιιι
1242 2336 1266 2375 ιι

192 2414 418 2493 Francorum,
433 2415 584 2481 Romam
602 2415 743 2496 navigio
765 2414 941 2492 devectus,
963 2435 985 2479 a
1006 2386 1221 2479 domino⁸¹⁰il

192 2532 285 2599 papa
298 2513 528 2580 Clementem
544 2534 658 2597 regem
677 2515 805 2579 Siciliae
822 2524 1019 2579 coronatur.
1055 2515 1145 2579 Mul·
1158 2536 1199 2574 cm
1201 2535 1251 2624 '⁸⁶2

193 2614 307 2680 titudo
324 2613 549 2692 Gallicorum,
571 2633 673 2679 cruce
694 2615 834 2697 signata
855 2623 976 2679 contra
994 2615 1148 2679 Manfre-
1157 2585 1264 2675 ιιωιιῖι.

99 2708 121 2725 “
194 2714 289 2791 dum,
305 2714 435 2779 habeus
450 2712 856 2796 capitaneosGuidonem
866 2713 1147 2780 Autissiodoren-

193 2833 266 2879 sem
279 2815 492 2897 episcopum,
506 2822 540 2878 et
556 2813 746 2879 Robertum
765 2814 872 2878 filium
890 2816 1026 2880 comitis
1045 2815 1147 2880 Flan-

194 2914 341 2991 drensis,
357 2932 398 2979 ac
413 2913 609 2978 Bocardum
626 2916 786 2979 comitem
801 2914 1095 2991 Vindemiensem,
1110 2916 1146 2979 in

194 3012 385 3081 subsidium
404 3012 521 3078 Caroli
540 3013 688 3077 Romam
704 3015 874 3096 pervenit.

247 3111 447 3190 Hocanno,
466 3112 650 3177 Dominica
668 3121 749 3178 aute
770 3113 897 3177 bellum
918 3114 1214 3190 Eveshamiaemur
1215 3132 1271 3171 noer
1281 3131 1307 3170 οι

193 3211 618 3279 multitudoWallensium
636 3212 877 3277 somersetiam
895 3213 1148 3295 depraedatura,
1159 3184 1196 3222 “h
1207 3182 1285 3222 Μ’

195 3313 414 3395 capitaneum
438 3312 569 3377 habens
592 3312 806 3376 Willelmum
824 3312 867 3376 de
890 3311 1037 3376 Berkele
1057 3311 1148 3374 mili·

196 3424 267 3477 tem
307 3411 469 3489 nobilem,
515 3411 576 3475 sed
614 3412 805 3476 malefactis
840 3411 1022 3488 famosum,
1056 3411 1148 3493 apud

198 3510 406 3577 Mineheved
425 3512 533 3596 juxta
551 3520 703 3576 castrum
727 3511 770 3574 de
793 3511 1013 3575 Dunnestore
1037 3510 1149 3594 appli-

197 3611 291 3689 cuit3
311 3612 436 3694 quibus
453 3630 635 3677 occurrens
650 3618 768 3675 custos
783 3611 889 3675 castri
906 3612 1018 3675 dictus
1035 3610 1150 3676 Adam

199 3708 361 3789 Gurduu,
397 3711 565 3793 plurimos
595 3710 721 3774 occidit
752 3709 881 3790 gladio,
918 3712 1152 3795 plurimosque

196 3829 274 3874 cum
299 3831 416 3876 eorum
441 3811 625 3893 capitaneo
649 3810 858 3893 compellens
878 3813 914 3875 in
934 3812 1052 3894 lugam
1069 3814 1151 3876 sub·

198 3910 309 3993 mergi
323 3911 450 3993 coegit.

563 4117 570 4150 ¹
589 4116 740 4180 ‘leoemnt3'
752 4122 791 4171 Μ.
