2948 4942
239 906 285 946 The
293 906 359 951 sonu,

238 957 307 995 under

240 1005 339 1050 wallace,

240 1056 282 1095 rire
290 1054 374 1103 agaim

240 1104 337 1145 noenu

766 432 842 482 Nlo.
856 431 1003 479 Tnlvu'rl

667 616 689 652 Ρ.
703 617 866 652 ΒΟΜΛΝΟΒΠΜ
879 616 904 652 Β.
1001 615 1155 651 ΒΒΛΝῦΟΒῦΜ
1193 616 1334 652 cremauit

1207 675 1347 683 --—-—-

448 705 553 742 uooorrr.
604 703 799 741 nonrrncuvru.
792 689 968 820 ..laturarii
1003 703 1160 740 rururmrr.
1187 703 1337 739 anwnnmr.

689 764 714 810 9.
886 765 911 808 ὅ.
1058 764 1097 809 18.
1245 764 1286 808 tl

454 889 585 958 *scon
606 900 787 976 coeperunt
811 893 977 956 rebellare
999 902 1121 957 contra
1143 913 1259 975 regem
1283 892 1357 957 An-

403 994 496 1076 gliae,
534 992 709 1057 Willelmo
750 991 899 1074 quodam
941 1002 1171 1073 cognomento
1210 992 1356 1069 Waleis,
1456 1032 1459 1037 ·

404 1094 463 1177 qui
495 1111 555 1156 eos
584 1091 627 1155 ad
661 1089 865 1156 seditionem
900 1099 1146 1169 commoverat,
1169 1093 1355 1174 capitaneo

404 1193 620 1256 constituto:
657 1198 799 1272 propter
827 1191 920 1272 quod
952 1210 1014 1254 rex
1046 1191 1197 1256 Scotiam
1227 1192 1357 1255 coadu-

404 1297 489 1355 nato
518 1288 674 1354 exercitu
699 1291 888 1370 ingressus,
916 1291 1148 1371 praetermisso
1171 1297 1288 1354 castro
1313 1291 1358 1355 (le

407 1389 583 1466 Strivelin,
601 1389 693 1471 quod
713 1397 835 1453 contra
854 1408 932 1452 eum
952 1390 1120 1454 munitum
1142 1389 1268 1465 suerat,
1287 1397 1356 1453 ter·

406 1509 479 1553 ram
503 1495 726 1570 pervagatur,
748 1488 883 1551 nemine
906 1496 1037 1569 apertae
1055 1508 1182 1570 pugnae
1208 1489 1275 1551 sibi
1298 1509 1357 1554 co-

407 1589 499 1670 piam
528 1586 686 1651 faciente.
751 1586 832 1650 Rex
861 1586 1085 1664 Francorum,
1116 1588 1161 1652 ob
1186 1587 1358 1652 detentio-

407 1706 485 1750 nem
509 1685 694 1750 Vaseoniae
712 1685 887 1769 injustam,
913 1688 1038 1750 timens
1060 1686 1125 1750 sibi
1143 1705 1165 1749 a
1186 1706 1268 1768 rege
1284 1685 1359 1752 An-

407 1785 500 1868 gline,
533 1805 595 1867 per
625 1784 802 1849 dominum
841 1804 968 1868 papam
1007 1785 1050 1848 ad
1082 1785 1147 1850 hoc
1176 1786 1359 1868 instIgato,

407 1903 566 1967 guerram
593 1885 785 1966 pararint
811 1883 886 1967 ejus
910 1885 977 1948 sibi
1001 1885 1187 1949 amicitiam
1216 1904 1359 1967 compa·

408 1991 514 2059 raret,
539 1984 702 2066 quicquid
728 1982 913 2047 Vasconiae
938 1983 973 2046 in
1001 2003 1105 2049 manu
1130 2004 1195 2048 sua
1216 1986 1361 2050 tenebat

409 2083 519 2146 eidem
551 2083 714 2159 restitnit,
737 2083 794 2145 cui
822 2091 857 2147 et
881 2082 1079 2166 Burdegala
1103 2090 1294 2167 spontanee
1321 2104 1361 2149 se

409 2181 569 2265 subjecit.
635 2174 760 2247 ²Girca
789 2180 915 2246 festum
946 2182 981 2246 S.
1007 2182 1155 2247 Joannis
1188 2183 1363 2265 Baptistae

410 2404 559 2467 Haetingea,
570 2411 656 2455 enetos
666 2411 798 2466 terramm,
806 2418 871 2465 quae
896 2407 1366 2469 erantincaatrorunrpraesidiioetril·

409 2489 455 2524 rex
471 2476 574 2537 Angliae
592 2475 682 2524 habuit
697 2476 722 2523 in
736 2475 872 2532 vasconia,
897 2477 987 2526 larum.
1000 2476 1057 2526 Rex
1065 2476 1278 2538 capitanatum
1287 2479 1361 2528 Nati-

410 2544 559 2606 depntatus‚
578 2546 647 2594 cirea
670 2543 873 2606 Burdegoleuaee
898 2546 982 2594 vitatio
1008 2546 1149 2595 Dominieae
1175 2553 1263 2595 tenens
1290 2548 1361 2609 apud

411 2614 448 2662 sic
467 2616 594 2663 allocutus
612 2619 661 2675 eet,
674 2614 743 2675 quod
758 2613 791 2661 de
807 2626 874 2660 conr·
898 2613 1001 2676 Odium,
1011 2616 1080 2663 mieit
1090 2617 1116 2663 in
1131 2617 1242 2664 Scotiam
1256 2617 1282 2664 in
1298 2620 1361 2666 enb-

411 2685 482 2732 muui
508 2683 613 2732 consilio
638 2685 766 2732 civitatem
792 2683 873 2742 ipsam
898 2683 992 2733 sidium
1008 2698 1112 2734 auorum
1127 2684 1252 2734 ,loannem
1267 2686 1300 2735 de
1314 2687 1362 2736 Se-

411 2755 466 2814 ragi
489 2754 601 2814 ungriae,
627 2757 746 2813 tanquam
773 2751 875 2799 domino
899 2753 1004 2815 graphe,
1030 2755 1055 2802 in
1081 2755 1210 2803 exercitiis
1234 2769 1361 2806 armorum

413 2836 460 2870 ono
476 2822 547 2883 ligio,
558 2820 737 2880 reddiderunt;
754 2825 780 2869 et
790 2822 874 2881 iprum
899 2823 1003 2871 militem
1023 2828 1153 2872 sueonum
1170 2829 1195 2872 et
1210 2821 1362 2886 expertum?

411 2891 545 2951 Joannem,
567 2896 686 2951 tanquam
708 2889 874 2939 senescallum
935 2920 943 2953 ι

411 2960 506 3007 domini
517 2960 585 3019 regis
592 2960 705 3021 Anghae,
714 2959 780 3007 infra
787 2959 876 3008 civita·

412 3032 462 3076 tem
477 3028 641 3077 admiserunt.
678 3029 746 3077 Secti
758 3043 826 3090 vero,
837 3034 876 3076 at-

412 3097 544 3146 tendentes
559 3112 617 3146 sea
636 3099 789 3158 protectione
808 3099 876 3159 regie

414 3167 567 3217 Francorum
575 3167 702 3229 exclusos,
713 3168 834 3216 miserunt
842 3168 874 3216 ad

413 3239 529 3286 comitem
553 3237 585 3285 de
603 3237 690 3296 Athel,
709 3242 734 3285 et
752 3237 876 3285 Joannem

414 3307 521 3368 Comym
548 3307 663 3367 aliosque
691 3308 808 3368 majores,
831 3307 876 3366 qni

412 3377 483 3437 apud
494 3375 697 3437 Ardenburgiam
716 3376 741 3423 in
756 3375 877 3425 mandria

414 3460 496 3508 arege
504 3447 605 3507 Angliae
613 3447 791 3494 discesserunt.
812 3444 876 3493 Con·

414 3517 543 3563 venientes
568 3520 653 3563 autem
681 3515 707 3562 in
733 3528 823 3570 unum,
844 3514 876 3562 de

415 3584 539 3632 communi
560 3598 665 3632 escensu
687 3598 762 3631 auum
781 3583 876 3644 capita·

414 3666 489 3700 neum
500 3653 624 3700 Jonnnem
633 3652 731 3713 Comyn
742 3653 876 3701 constitue·

414 3726 482 3780 runt,
492 3726 518 3768 et
528 3722 574 3768 toti
589 3722 681 3769 Scotiae
692 3720 874 3782 praefecemnt3

414 3791 532 3838 volebant
554 3791 620 3837 enim
648 3792 756 3852 majorae
783 3791 875 3840 Scotioe

414 3865 473 3920 post
486 3858 604 3921 praelium
620 3859 652 3908 de
668 3859 798 3908 Faukirke
813 3861 876 3908 wil

960 2925 1013 2973 'l'he
1028 2924 1158 2986 following
1175 2924 1256 2973 lethe
1275 2926 1363 2987 begin·

900 2993 1001 3055 ningat
1013 2993 1167 3044 Mcccrn.
1177 2995 1204 3042 in
1216 2994 1255 3043 Μ.
1273 2995 1362 3044 ‘Inter

899 3078 972 3124 reges
999 3064 1152 3113 Francorum
1173 3066 1199 3112 et
1220 3065 1363 3125 Anglornm

900 3132 968 3182 tacta
979 3138 1018 3182 eat
1027 3133 1060 3181 da
1073 3138 1161 3181 mutuo
1174 3147 1298 3183 conoanrm
1311 3149 1364 3195 pax

901 3203 983 3250 finalia
993 3209 1019 3251 et
1029 3202 1172 3263 concordia,
1184 3204 1233 3251 cub
1247 3202 1297 3252 hac
1312 3203 1364 3253 for·

900 3286 956 3320 ma:
973 3273 1101 3333 videlicet,
1111 3271 1179 3333 quod
1189 3286 1235 3321 rex
1246 3272 1363 3323 Francia

900 3345 991 3390 terram
1015 3346 1103 3402 totam,
1128 3356 1204 3401 quam
1231 3345 1366 3393 occasione

901 3425 999 3471 guerra
1010 3411 1037 3458 in
1047 3411 1174 3459 Vaeconia
1184 3412 1211 3459 in
1226 3426 1304 3461 manu
1316 3428 1365 3462 cna

900 3479 1022 3529 hactenus
1033 3480 1185 3541 detinuerat,
1195 3482 1249 3542 regi
1261 3482 1364 3544 Angliae

901 3551 1058 3608 restituerem
1069 3550 1202 3598 tenendam
1209 3549 1242 3597 de
1251 3564 1289 3612 ce,
1298 3553 1366 3601 sicut

901 3617 994 3667 fecerat
1002 3624 1060 3668 ante
1067 3633 1192 3681 guerram.
1210 3619 1285 3679 ltem,
1295 3622 1364 3680 quod

901 3687 969 3737 filino
988 3689 1056 3749 ragis
1075 3688 1177 3749 Angliae
1197 3688 1274 3736 liliam
1296 3691 1365 3752 regia

903 3757 1055 3806 Francorum
1075 3757 1208 3807 duceret
1201 3771 1227 3804 m
1248 3772 1364 3810 uxorem.

901 3826 974 3891 Item,
983 3827 1052 3887 quod
1060 3841 1107 3875 uec
1115 3841 1161 3876 rex
1171 3826 1274 3888 Angliae
1284 3828 1367 3877 Flem-

413 3929 489 3978 lelmo
505 3928 619 3990 Woleyo⁹
638 3934 757 3990 tanquam
776 3929 837 3977 duci
851 3936 908 3979 et.
901 3910 1008 3958 ¹¹¹¹¹¹g⁰⁵’
1019 3911 1065 3945 ¹¹⁰⁰
1076 3911 1121 3946 ¹³¹
1136 3897 1251 3944 ΜΨ
1267 3898 1367 3961 ⁸⁰⁰²⁰⁸2

413 4001 555 4060 capitaneo,
563 4000 681 4059 obedire
696 4014 729 4047 ex
739 4004 798 4047 tunc
807 3999 874 4048 Scotr
901 3980 927 4014 ¹¹¹
948 3981 1022 4015 'mm
1045 3967 1225 4027 mmmm
1247 3966 1367 4018 “lmine-

412 4068 462 4117 aab
474 4084 538 4117 novo
548 4068 614 4118 duce
624 4085 670 4118 sno
678 4069 791 4117 homines
807 4070 875 4131 regie
900 4031 955 4085 m·

412 4137 515 4200 Angliae
543 4138 724 4201 [coeperuut]'
717 4152 875 4201 impugnare,
935 4136 1014 4187 ''l'ha
1032 4143 1083 4187 raet
1102 4136 1131 4185 of
1148 4136 1200 4185 thie
1217 4139 1367 4202 paragraph

412 4208 548 4267 plurimum
568 4208 724 4257 molestando
744 4207 874 4270 illoo,.qui
900 4209 922 4257 ia
934 4208 1039 4256 omitted
1050 4208 1076 4256 in
1087 4206 1167 4256 Walo.
1180 4209 1222 4255 86.
