2940 4950
702 454 776 503 mc.
795 454 944 501 'l'RlVll'l'l

598 641 621 677 Ρ.
636 640 798 676 RUMANORUM
813 641 839 675 ll.
933 637 1087 674 ruscorum
1132 639 1274 674 anemium

384 726 490 763 brexelx.
534 724 730 761 lNh'OClillTlllll.
748 622 1110 848 outlormlv·
1136 725 1274 761 mennon.

620 787 643 831 1.
816 786 839 832 1.
995 786 1035 831 ts.
1224 818 1230 829 .

348 848 516 860 .......--.-

176 930 317 971 vevehureh
391 918 589 980 Rvoaaous
613 936 673 979 rex
692 916 784 997 apud
802 913 1032 980 Andeliacum
1049 927 1203 979 castrum
1223 935 1306 979 con·

175 979 326 1071 haffligh
340 1017 470 1080 struxit
500 1017 645 1095 insigne.
699 1009 900 1079 ¹Huhertus
934 1015 1218 1096 archiepiscopus
1250 1034 1305 1078 ec·

176 1080 313 1120 dmum
340 1117 495 1192 clesiam,
515 1117 550 1178 in
578 1114 708 1179 honore
726 1116 818 1179 beati
835 1115 980 1179 Thomae
1005 1114 1187 1178 fundatam
1210 1113 1302 1196 apud

341 1210 560 1291 ²Lambethe,
584 1234 688 1298 quam
717 1215 951 1296 praedecessor
975 1214 1052 1298 ejus
1080 1213 1303 1277 Baldewiuus

342 1316 578 1389 inchoaverat,
597 1315 639 1377 do
656 1314 822 1378 mandato
837 1314 968 1377 domiui
983 1332 1085 1395 papae
1104 1313 1303 1377 Innocentii

344 1417 438 1479 tertii
471 1414 655 1477 demolitus
688 1421 752 1477 est.
806 1414 1014 1491 willelmus,
1048 1433 1178 1494 genere
1211 1412 1305 1477 Nor-

344 1534 503 1590 mannus,
533 1514 572 1577 fit
601 1513 853 1577 Loudoniensis
880 1514 1075 1595 episcopus.
1130 1512 1305 1576 Ricardus

345 1633 407 1677 rex
425 1633 501 1676 cum
521 1613 665 1677 militem
688 1613 861 1694 quendam
883 1632 988 1696 super
1010 1612 1214 1676 inventione
1230 1611 1305 1676 the-

345 1714 437 1775 sauri
462 1713 645 1775 conveuire
663 1713 841 1788 voluisset,
865 1732 965 1794 quern
990 1712 1105 1775 solent
1122 1712 1189 1775 sibi
1213 1713 1307 1793 prin-

346 1813 439 1894 cipes
457 1811 645 1887 vindicare,
672 1820 836 1893 tanquam
861 1812 896 1874 in
915 1811 980 1876 hoc
1006 1812 1057 1875 eis
1079 1811 1305 1894 singulariter

346 1919 471 1974 natura
488 1911 672 1987 deserviat,
690 1913 821 1975 veritus
844 1912 902 1976 ille
922 1911 1143 1975 severitatem
1173 1912 1305 1992 regiam

347 2010 390 2073 ad
433 2004 686 2073 ³vicecomitem
720 2011 1000 2076 Lemovicensem
1044 2011 1204 2093 aufugit3
1247 2010 1305 2093 qui

348 2118 492 2190 rogatus
515 2130 536 2172 a
559 2130 640 2191 rege
664 2118 702 2174 ut
723 2111 865 2175 militem
889 2109 1059 2187 redderet,
1085 2129 1306 2192 comparere

348 2209 573 2289 neglexisset,
605 2230 665 2273 rex
697 2218 807 2273 terras
841 2210 917 2293 ejus
949 2210 1127 2291 ingressus
1151 2218 1305 2273 castrum

351 2309 535 2392 quoddam,
551 2310 641 2392 quod
656 2302 805 2374 ⁴Caluca
822 2309 960 2386 dicitur,
979 2309 1087 2393 juxta
1103 2308 1308 2373 Lemovicas

192 2426 284 2515 Qud
353 2411 499 2485 obsedit,
532 2419 566 2473 et
595 2410 730 2473 sortiter
763 2410 991 2491 impugnavit.
1043 2408 1200 2490 Septimo
1226 2428 1308 2472 vero

191 2524 315 2570 inmortua
353 2509 418 2572 cal.
434 2508 578 2591 Aprilis,
599 2510 678 2571 dum
704 2518 855 2572 castrum
877 2508 1127 2573 considerando
1149 2509 1309 2571 circuiret

191 2574 294 2613 wouuded

192 2624 308 2665 arevalu-
354 2608 506 2687 inermis,
521 2610 635 2671 subito
653 2610 787 2673 balistae
805 2609 925 2691 jaculo
946 2610 981 2671 in
1006 2608 1149 2671 humero
1167 2607 1309 2671 sinistro

195 2676 294 2724 ⁶¹'¹¹¹²⁶'
356 2707 451 2771 letali
474 2708 668 2771 confoditur
685 2709 836 2772 vulnere.
884 2709 1059 2791 Incipiens
1082 2715 1200 2770 autem
1223 2708 1310 2789 Peli·

356 2807 481 2881 clitari,
510 2818 578 2871 tres
602 2808 731 2871 ordinis
755 2807 995 2872 cisterciensis
1017 2803 1224 2871 ⁵aocersisse
1245 2807 1311 2869 ser-

357 2914 414 2969 tur
437 2909 590 2983 abbates,
614 2908 738 2990 quibus
760 2908 876 2971 omnia
891 2916 1036 2989 peccata
1052 2925 1118 2971 sua
1132 2907 1311 2970 consessus

358 3016 411 3070 cst
446 3027 522 3070 cum
553 3008 707 3087 singultu
739 3016 774 3071 et
803 3008 898 3071 fletu.
951 3006 1049 3086 Quos
1080 3026 1157 3070 cum
1187 3005 1232 3068 ad
1260 3006 1312 3068 iu·

355 3105 569 3190 jungendam
591 3107 654 3169 sibi
681 3107 736 3169 vel
763 3106 1042 3170 innotescendam
1071 3105 1310 3189 poenitentiam

359 3207 544 3269 salutarem
573 3214 729 3270 cerneret
757 3207 983 3289 stupefactos,
1014 3207 1114 3281 dixit,
1141 3204 1216 3268 ‘Ut
1241 3204 1313 3286 pla·

359 3314 455 3369 cetur
478 3307 597 3389 justus
619 3306 737 3371 Judex
767 3306 884 3384 Deus,
907 3325 1044 3388 poenam
1074 3304 1311 3388 purgatoriam

395 3527 403 3559 ¹
423 3532 596 3579 ‘Humbertus
606 3527 620 3590 3‘
633 3527 699 3579 D’A.
882 3528 892 3559 ³
909 3531 1029 3591 Namehr,
1045 3529 1177 3589 Vidomar‚
1197 3529 1314 3577 viscouut

396 3598 584 3648 ’‘Lamhethe
597 3601 617 3659 ;’
654 3602 714 3649 Cod.
738 3602 822 3662 lieg.:
847 3601 876 3650 ol
885 3602 1011 3663 Limoges.

360 3669 505 3732 ‘Lastheye
515 3667 530 3729 ;’
543 3671 582 3718 M.
595 3676 618 3718 et
630 3671 676 3718 Ar.
699 3670 823 3731 Compare

361 3740 462 3799 Diccto,
481 3741 530 3789 col.
549 3745 606 3800 ⁷05,
625 3740 687 3788 with
710 3746 768 3788 ante
791 3741 824 3789 ad
882 3738 891 3769 ⁴
907 3740 1053 3789 ‘Chalouns
1061 3733 1075 3799 3'
1088 3738 1130 3786 Fr.
1138 3737 1181 3787 Tr.
1206 3737 1314 3787 Chaluz.

361 3825 420 3858 ann.
433 3815 505 3859 11⁸8.
547 3811 600 3858 The
614 3816 737 3871 apparent
748 3825 825 3859 cause
851 3811 951 3870 Diceto,
971 3810 1020 3857 col.
1039 3813 1097 3869 ⁷⁰⁵,
1117 3808 1168 3856 aud
1189 3808 1274 3869 Roget
1289 3807 1318 3855 ol

362 3879 444 3928 forits
462 3880 607 3929 ‹leutolition
625 3895 706 3929 seems
720 3887 745 3929 to
761 3880 825 3927 have
852 3879 1164 3939 Wendover,ili.135,sa5
1172 3878 1314 3927 tltewouud

362 3950 445 3999 ariseu
462 3951 524 3998 from
541 3950 596 3999 sear
610 3951 659 3998 lest
674 3950 716 3998 the
732 3950 829 3999 sentos
851 3966 905 4000 war
916 3948 1028 3999 inflicted
1039 3948 1315 4009 byauarrowshotby

362 4020 405 4067 the
419 4021 570 4081 urchbishop
588 4020 679 4068 should
698 4022 728 4068 be
746 4026 826 4068 trans·
851 4022 928 4071 Peter
941 4020 1021 4069 Basil.

363 4090 444 4139 sarred
461 4091 523 4139 from
541 4090 699 4150 Canterbury
712 4096 737 4138 to
756 4091 828 4138 Lam·

363 4160 439 4220 beth,
466 4162 550 4221 Roger
571 4160 600 4209 ol
619 4160 769 4223 Wendover,
793 4160 829 4208 iii.
886 4157 958 4207 ‘All
978 4157 1021 4205 the
1039 4157 1116 4207 MSS.
1134 4156 1199 4205 have
1215 4157 1317 4206 ‘acres-

366 4234 422 4290 1⁶28,
435 4235 490 4279 129.
852 4225 934 4277 sisse?
