2940 4950
352 655 377 689 l).
391 653 446 691 lm.
459 655 482 690 0.
564 655 586 691 P.
605 656 767 691 nomimavit
787 657 812 693 R.
921 658 1076 694 FRANOORUH
1131 655 1275 693 ΑΝΘῑΟΒῦΙ

175 935 303 1029 fi‘ssffl·
388 929 640 995 Tunoanunus
670 931 910 1007 Placentinus,
939 923 1162 994 ¹Lcodiensis
1190 931 1303 995 archi-

175 1049 235 1089 νοω.
338 1030 518 1107 diaconus,
538 1031 598 1112 qui
618 1030 815 1095 devotionis
838 1048 1043 1094 causacum
1066 1030 1208 1094 domiuo
1232 1031 1302 1095 Ed·

340 1130 458 1194 wardo
486 1132 671 1195 transierat
696 1131 732 1193 in
762 1128 902 1207 Achon,
930 1131 966 1193 in
995 1149 1122 1212 papam
1148 1130 1304 1213 eligitur,

339 1238 375 1294 et
392 1229 584 1312 Gregorius
602 1230 755 1293 decimus
772 1229 979 1312 appellatur.
1032 1229 1156 1295 Hicin
1175 1228 1301 1295 Acbon

339 1329 514 1393 decretum
529 1328 707 1394 electionis
725 1348 811 1406 suae,
826 1348 888 1412 per
902 1328 1028 1393 iratres
1043 1328 1299 1395 Praedicatores

341 1439 377 1493 et
401 1429 555 1493 Minores
581 1429 715 1492 adhoc
740 1429 938 1512 specialiter
964 1429 1089 1493 missos
1117 1430 1301 1513 recipiens,

342 1528 552 1606 Viterbium,
568 1529 627 1593 nbi
645 1529 879 1612 expectabant
899 1547 977 1592 eum
1000 1527 1205 1606 cardinales,
1223 1549 1302 1595 cum

342 1628 520 1693 celeritate
544 1629 703 1694 accessit.
758 1627 857 1693 Fecit
885 1636 1001 1692 autem
1029 1646 1134 1691 unam
1165 1629 1303 1694 ordina·

343 1728 471 1791 tionem
497 1729 649 1810 quinque
679 1729 918 1811 episcoporum
940 1726 1164 1792 cardinalium
1192 1729 1302 1811 pluri·

343 1846 436 1889 mum
456 1826 679 1905 laudabilem,
701 1829 784 1911 quia
806 1827 971 1892 honestas
994 1836 1030 1891 et
1046 1827 1202 1892 valentes
1224 1849 1302 1912 per-

183 1929 449 2026 }ffibybsonas
481 1927 679 2009 assumpsit.
733 1926 804 1991 Hie
833 1935 962 2005 autem,
989 1933 1157 2010 quassato
1189 1928 1303 1994 electo

183 2028 334 2127 mgb·
346 2025 601 2104 cantuariensi,
618 2027 857 2110 pontificatum
874 2027 1030 2111 ejusdem
1044 2026 1201 2092 ecclesie
1218 2047 1303 2093 con·

184 2129 321 2178 “mulm-
346 2126 428 2191 tulit
441 2126 540 2190 fratri
555 2126 711 2191 Roberto
730 2125 987 2210 Kilewardeby,
1000 2128 1061 2208 qui
1074 2127 1196 2192 eodem
1211 2147 1305 2194 anuo

347 2246 369 2290 a
386 2227 542 2308 prioratu
563 2226 767 2308 provinciali
785 2225 929 2290 fratrum
947 2246 1100 2303 suornm,
1114 2245 1218 2309 quem
1238 2249 1303 2292 un·

347 2326 458 2389 decim
481 2326 581 2389 aunis
603 2335 771 2408 gesserat,
792 2326 974 2390 absolutus
995 2326 1120 2402 fuerat,
1142 2334 1181 2391 et
1198 2328 1304 2392 etiam

348 2425 392 2489 ad
423 2424 513 2489 idern
542 2424 689 2489 officium
721 2425 900 2490 reelectus.
952 2423 1024 2504 Qui
1055 2444 1123 2489 uon
1148 2434 1304 2492 tautum·

348 2525 450 2588 modo
475 2525 644 2606 religiosae
663 2525 745 2590 vitae
773 2525 970 2602 sanctitate,
994 2525 1055 2590 sed
1080 2526 1228 2590 scientia
1252 2537 1305 2592 at·

341 2640 416 2706 *que
433 2625 589 2689 doctrina
606 2624 798 2689 habebatur
815 2625 1014 2707 praeclarus.
1068 2624 1205 2709 Nempe
1222 2637 1304 2692 aute

350 2724 478 2787 ordinis
507 2726 701 2806 ingressum
735 2725 880 2788 Parisiis
911 2732 1050 2788 rexerat
1081 2725 1117 2788 iu
1148 2727 1304 2807 artibus,

350 2823 451 2905 cujus
470 2823 504 2886 iu
528 2824 582 2887 bis
605 2825 778 2907 peritiam,
800 2824 974 2906 praecipue
996 2823 1109 2906 quoad
1130 2845 1306 2907 gramma·

350 2922 453 2985 ticam
489 2931 524 2986 et
562 2924 724 3006 logicam,
756 2924 897 2988 redacta
924 2925 959 2987 iu
987 2924 1126 3006 scriptis
1161 2926 1306 2992 edocent

349 3030 584 3086 monumenta.
638 3023 726 3089 Post
750 3023 880 3087 ordinis
904 3042 987 3087 vero
1012 3025 1206 3105 ingressum
1233 3036 1307 3092 stu-

350 3122 467 3184 diosos
479 3123 516 3184 in
529 3116 672 3187 ²divinis
689 3123 881 3205 scripturis
894 3124 1192 3206 originalibnsque
1209 3145 1307 3191 sauc-

350 3230 464 3286 torum
479 3230 627 3305 patrum,
647 3223 753 3287 libros
770 3222 958 3304 Augustini
974 3223 1045 3288 fere
1065 3243 1198 3302 omnes,
1220 3227 1305 3291 alio·

351 3341 494 3404 rumque
525 3324 704 3386 doctorum
738 3322 899 3405 plurium,
925 3342 987 3406 per
1011 3342 1122 3405 parva
1146 3323 1308 3394 distinxit

351 3423 519 3504 capitula,
556 3423 762 3487 senteutiam
797 3423 1011 3504 singulorum
1047 3424 1113 3486 sub
1145 3425 1306 3492 brevibus

352 3523 564 3586 annotando.
598 3523 750 3586 Exstant
771 3530 942 3587 tractatus
965 3523 1040 3607 ejus
1059 3522 1103 3587 de
1120 3523 1305 3608 Tempore,

351 3621 393 3683 de
403 3621 615 3698 Universali,
629 3624 671 3686 de
682 3622 878 3700 Relatioue,
887 3630 921 3687 et
932 3623 975 3686 de
984 3622 1073 3687 Ortu
1083 3625 1305 3690 scientiarum

350 3722 506 3786 curiosus
539 3723 704 3805 utilisque
729 3722 876 3786 libellus.
923 3722 1106 3787 Concessit
1132 3733 1250 3790 autem
1273 3728 1304 3790 ei

350 3820 508 3885 dominus
531 3841 635 3904 papa,
653 3830 693 3886 ut
710 3841 836 3886 munus
858 3823 1130 3887 consecrationis
1152 3826 1304 3908 recipere

384 4044 390 4075 ¹
408 4044 812 4110 ‘lodiensis3'Cod.Reg.:‘Lau·
840 4049 965 4098 extended
981 4049 1116 4112 catalogue
1131 4050 1162 4098 oi
1177 4052 1308 4102 Kilward·

346 4113 461 4176 diensis;'
474 4114 556 4166 D’A.:
570 4115 813 4178 ‘Leodronsis;’Ar.
840 4115 895 4180 by’s
914 4119 1074 4168 voluminous
1094 4120 1182 4170 werlu
1201 4137 1245 4172 see
1268 4124 1307 4172 bia

347 4188 434 4248 Liege.
840 4189 1306 4256 LiseinQuetiiaudEchard,Script

379 4253 390 4284 ²
407 4257 557 4319 ‘diversis;¹
570 4259 608 4307 Ill.
647 4259 695 4305 For
712 4274 728 4306 a
745 4273 812 4308 more
839 4259 902 4309 0rd.
916 4260 994 4310 Pred.
1006 4259 1055 4309 vol.
1068 4261 1086 4308 i.
1098 4275 1143 4322 pp.
1156 4265 1279 4313 mtto.
