2940 4950
576 477 760 527 annuens.
1073 463 1137 529 331

185 638 365 714 muudum,
382 635 557 700 inficiatur
577 655 614 700 se
632 636 808 720 quidpiam
833 637 876 700 de
897 636 1025 701 talibus
1044 631 1141 721 ¹pao-

186 738 233 801 tis
250 738 351 802 scire.

236 837 397 919 Denique
422 835 637 919 perpendens
668 835 893 900 Eadmundus
918 856 956 901 se
985 836 1141 901 fratrem·
1154 857 1289 902 munau

186 956 256 1021 qne
285 956 384 1000 suum
417 956 531 1019 regem
563 934 703 1018 Angliaa
732 936 884 1013 delusos,
916 956 1075 1002 reversus
1104 937 1139 1001 in
1153 907 1304 1002 illidii

189 1036 366 1118 Angliam,
390 1056 507 1118 regem
534 1043 570 1099 et
596 1035 779 1099 concilium
806 1055 907 1099 suum
930 1037 974 1100 ad
1000 1037 1140 1119 plenum

188 1136 364 1214 informat,
392 1144 428 1201 et
448 1134 617 1200 certificat
640 1135 683 1199 de
707 1154 743 1199 re
765 1143 876 1216 gesta.
928 1136 1045 1218 Igitur
1061 1156 1140 1201 con·
1153 1165 1286 1196 summam

189 1243 316 1300 vocato
336 1234 536 1300 Londonias
557 1235 799 1317 parliamento,
822 1235 878 1299 cui
899 1235 923 1300 J
926 1255 1056 1300 oannes
1078 1256 1139 1300 rex
1153 1207 1294 1297 ῗῗιῖἷὲὲῗῗῖἱι

188 1334 372 1400 Scotorum
405 1334 574 1408 interfuit,
609 1335 652 1399 de
674 1335 818 1398 consilio
850 1336 1072 1417 praelatorum
1105 1307 1278 1401 ct⁸‘L⁰⁰⁶⁰¹¹’

191 1454 371 1518 procerum
398 1428 629 1499 'consentium
653 1442 781 1498 terram
808 1434 952 1499 subdola
976 1435 1143 1513 ablatam,

188 1533 461 1617 recuperandam
496 1533 634 1615 gladio;
679 1552 740 1597 rex
774 1532 915 1616 Angliae
949 1535 993 1599 ad
1024 1555 1141 1616 regem

192 1634 406 1698 Francorum
432 1633 526 1697 misit
545 1633 669 1697 fratres
685 1627 894 1715 ³Hugonem
916 1634 960 1698 de
983 1634 1144 1699 Mances·

190 1734 260 1798 tria
281 1733 324 1797 de
344 1733 464 1798 ordine
487 1732 773 1810 Praedicatorum,
802 1752 843 1798 ac
861 1733 1075 1798 Willelmum
1099 1734 1142 1798 dc

190 1832 425 1917 Gayncsburg
454 1833 583 1897 ordinis
608 1833 795 1910 Minorum,
822 1833 981 1898 doctores
1007 1834 1141 1898 theolo-

189 1935 272 2015 giae,
300 1934 392 1998 viros
420 1933 584 2017 providos
614 1952 655 1997 ac
686 1932 874 2010 discretos3
914 1933 1083 1999 mandans
1110 1934 1289 1997 eiacum..

191 2053 255 2117 per
279 2033 429 2111 cosdem,
451 2032 642 2116 quodcum
665 2040 769 2114 pacta
795 2033 884 2096 inter
904 2034 1142 2115 progenitores
1155 2007 1291 2097 ἷέὲῗῖῗῗιὲἶὲ

189 2152 311 2197 eornm
335 2133 452 2197 habita
472 2140 508 2196 et
529 2132 637 2215 ipsos,
660 2151 723 2199 nec
742 2152 809 2195 non
828 2139 863 2195 ot
880 2140 1032 2197 secretos
1050 2104 1140 2198 trac·
1155 2106 1307 2208 ffu‘ssfm‘h

191 2239 301 2310 tatus,
326 2252 414 2315 quos
438 2231 611 2296 medianto
637 2251 803 2312 germano
824 2251 887 2295 suo
911 2252 989 2296 cum
1012 2252 1053 2297 eo
1079 2232 1142 2297 ha·

191 2332 281 2410 buit,
306 2332 484 2408 violasset,
510 2350 580 2395 non
607 2331 790 2397 videbatur
818 2331 883 2395 sibi
906 2331 999 2414 quod
1029 2333 1143 2415 ipsum

192 2451 310 2514 regem
342 2430 481 2513 Angliae
515 2430 706 2514 ducemque
740 2429 939 2513 Aquitaniae
969 2432 1143 2496 hominem

192 2551 296 2596 suum
320 2531 516 2614 reputabat,
535 2549 598 2594 nec
619 2532 693 2613 ipse
711 2530 874 2613 homagio
894 2552 958 2596 suo
974 2532 1144 2615 adstringi

192 2630 341 2695 ulterius
358 2630 570 2695 intendebat.

244 2730 374 2795 Eodem
393 2737 547 2813 tempore
568 2748 629 2792 rex
655 2728 808 2811 Augilas,
832 2731 937 2795 misso
954 2731 991 2794 iu
1013 2730 1143 2796 Teuto-

195 2830 290 2894 niam
317 2829 484 2908 Antonio,
513 2828 739 2893 Dunelmcusi
769 2830 943 2913 episcopo,
973 2831 1145 2896 confoede-

193 2930 288 2994 ravit
310 2929 376 2995 sibi
402 2929 605 3012 Adulphum
630 2948 747 3010 regem
774 2929 1022 2996 Romanorum.
1075 2930 1145 2995 Ex-

193 3030 340 3094 ercitum
374 3029 478 3094 ctiam
514 3029 817 3094 transmittendum
847 3031 992 3095 adunari
1016 3031 1144 3115 jubens

192 3129 286 3212 apud
315 3129 564 3205 Portemutam‚
599 3128 772 3193 Joannem
798 3129 840 3192 de
870 3130 1053 3194 Britannia
1085 3150 1144 3195 ne-

194 3236 311 3311 potem
328 3248 442 3307 suum,
460 3229 619 3293 comitem
639 3228 911 3304 Richcmundiae‚
931 3229 1038 3293 eidem
1058 3249 1147 3312 prae·

195 3327 299 3407 fecit3
333 3329 420 3392 dans
454 3330 486 3392 ci
512 3328 728 3392 consiliarios
751 3327 774 3392 J
778 3347 921 3392 oannem
944 3328 987 3393 de
1017 3327 1146 3394 Sancto

193 3427 218 3492 J
221 3446 333 3492 oanne
358 3435 394 3493 et
417 3428 610 3492 Robertum
631 3422 819 3511 “Tipetoft,
845 3427 972 3492 milites
998 3427 1145 3510 pruden-

194 3535 250 3592 tes
280 3535 316 3592 ct
344 3527 381 3591 in
410 3527 545 3592 bellicis
580 3528 682 3591 rebus
717 3536 892 3611 expertos.
957 3526 990 3592 N
995 3527 1145 3609 avigium

192 3627 239 3692 ad
261 3627 525 3692 custodiendum
548 3646 642 3691 mare
665 3628 700 3691 in
726 3635 797 3691 tres
819 3627 948 3692 classes
974 3627 1146 3706 distinxit,

193 3735 265 3792 tres
305 3746 509 3809 praeponens
549 3726 768 3793 admiralios:
810 3728 981 3806 videlicet,
1016 3726 1147 3793 Geme-

195 3828 411 3891 mutensibus
428 3836 463 3891 et
481 3828 604 3892 ceteris
623 3827 716 3891 illius
734 3829 843 3910 partis
860 3823 1028 3893 ⁵maribus
1039 3828 1063 3893 J
1066 3848 1147 3892 oan-

235 4050 242 4079 ¹
259 4050 406 4112 ‘praedictis
417 4049 431 4111 ;'
444 4053 482 4102 Μ.
492 4057 516 4101 et
527 4053 574 4102 dr.
722 4052 731 4082 ⁴
749 4054 849 4114 ‘'l'iptot
858 4054 874 4111 ;'
889 4055 949 4102 Cod.
963 4053 1040 4113 Roga
1056 4052 1064 4079 ‘
1072 4052 1149 4113 'Pipe-

233 4117 244 4146 ²
258 4122 487 4172 ‘consentientium
497 4119 513 4184 ;'
533 4124 570 4172 M.
583 4128 606 4171 et
615 4123 662 4171 dr.
687 4123 739 4172 toth
750 4119 763 4180 ς’
778 4118 857 4172 M:
876 4120 1042 4185 ‘'l'yppctossa
1051 4117 1069 4181 ;’
1081 4121 1129 4173 dr.

231 4186 307 4240 ”See
337 4192 430 4243 (ductii
457 4194 507 4242 and
542 4189 663 4242 Echaml's

199 4260 293 4322 Script.
305 4261 369 4311 Ord.
382 4262 460 4314 Prcd.
473 4264 491 4312 i.
504 4278 530 4325 p.
542 4266 598 4313 uua.
722 4258 732 4289 '⁵
748 4255 897 4319 ‘navibus'l
