2940 4950
330 447 396 511 310
691 461 763 509 sic.
779 461 928 509 un1vsr1

334 620 535 702 Campania¹
566 619 779 682 comitatum.
834 618 998 682 Mortuus
1019 623 1075 679 est
1101 616 1169 679 hoc
1195 634 1287 679 anno

335 720 482 785 Carolus
513 737 575 783 rex
608 717 748 794 Siciliae,
786 717 888 801 cujus
919 715 1017 797 regni
1055 734 1097 778 ac
1135 714 1283 779 liliorum

335 826 483 882 tutorem
503 836 595 901 papa
613 817 787 881 Martinus
800 817 993 882 Robertum
1005 815 1165 879 comitem
1184 811 1287 878 Atre·

336 919 514 981 batensem
530 917 722 993 constituit,
737 915 885 998 largitus
896 914 1005 979 eidem
1022 915 1179 997 pecuniae
1188 931 1288 994 mag·

337 1037 417 1080 nam
433 1036 614 1080 summam.

389 1115 513 1180 Frater
544 1114 567 1179 J
571 1133 714 1191 oannes,
738 1112 963 1178 Dublinensis
992 1111 1288 1194 archiepiscopus,

177 1193 216 1222 ⁰¹⁸
252 1207 258 1218 ”
338 1234 416 1279 cum
432 1234 552 1278 versus
577 1214 757 1278 ecclesiam
771 1231 869 1276 suam
895 1211 962 1276 iter
978 1211 1194 1293 arripuisset,
1213 1229 1289 1274 cor·

340 1323 458 1396 reptus
484 1313 682 1377 infirmitate
705 1312 816 1394 gravi,
841 1310 999 1374 ultimum
1024 1309 1113 1373 diem
1139 1309 1287 1373 clausit:

341 1414 440 1497 cujus
473 1431 596 1494 corpus
626 1414 662 1476 in
700 1412 805 1475 choro
834 1410 978 1474 fratrum
1013 1408 1287 1472 Praedicatorum

342 1511 530 1575 Londoniis
553 1519 606 1575 est
627 1512 818 1574 humatum.
865 1509 941 1574 Nec
966 1508 1075 1572 multo
1095 1516 1176 1591 post
1201 1508 1290 1573 obiit

341 1611 460 1675 eodem
487 1630 579 1674 anno
603 1611 696 1693 apud
722 1607 940 1674 Windelsore
968 1606 1173 1690 Alphousus
1195 1608 1289 1689 regis

342 1709 445 1786 filius,
467 1709 606 1792 juvenis
631 1711 771 1792 optimae
789 1707 928 1784 indolis,
952 1714 988 1771 et
1002 1706 1188 1771 admodum
1207 1707 1290 1770 Duo

342 1807 506 1872 devotus:
537 1809 636 1891 cujus
659 1826 785 1890 corpus
810 1807 903 1889 apud
927 1806 1290 1883 Westmonasterinm,

342 1927 402 1970 cor
430 1927 511 1971 vero
542 1907 635 1990 apud
661 1906 914 1971 Praedicatores
944 1905 1147 1983 Londoniis,
1168 1907 1291 1987 regina

343 2013 452 2070 matre
483 2007 675 2084 ordinante,
704 2005 852 2070 traditur
874 2006 1073 2087 sepulturae.
1128 2004 1227 2069 Obiit
1256 2013 1292 2070 et

342 2105 407 2169 hoc
432 2126 524 2169 anno
550 2106 726 2169 Robertus
753 2104 796 2168 de
823 2099 1097 2180 ¹Wikhamtona,
1126 2104 1292 2169 Saresbe·

344 2206 466 2269 niensis
494 2206 696 2289 episcopus3
728 2205 784 2267 cni
815 2204 982 2267 successit
1003 2203 1183 2268 Walterus
1209 2203 1291 2268 Sca-

342 2305 422 2381 mel,
451 2305 604 2368 ecclesiae
638 2302 791 2388 ejusdem
824 2302 986 2367 decanus.
1040 2301 1168 2379 Maria,
1198 2303 1292 2385 regis

342 2402 414 2466 filia
436 2400 588 2484 Angliae,
615 2402 867 2467 Ambresbcriae
896 2402 1168 2466 sanctimonialis
1190 2400 1294 2466 effici·

342 2511 410 2578 tur,
429 2503 630 2585 parentibus
650 2502 926 2576 assentientibus
943 2501 1024 2565 licet
1046 2521 1124 2566 cum
1146 2499 1291 2566 difficul-

344 2609 427 2676 tate,
445 2601 489 2663 ad
507 2603 707 2665 instantiam
723 2600 843 2663 matris
860 2601 963 2682 regis

362 2814 386 2849 l).
400 2813 424 2848 ll.
435 2813 455 2848 J.
467 2813 490 2848 c.
575 2812 598 2847 Ρ.
611 2813 812 2850 aomanorum.
912 2812 1065 2851 sanatorum
1123 2816 1265 2852 suntoculi

394 3100 480 3163 Rex
504 3098 654 3180 Angliae,
681 3101 723 3163 de
750 3099 930 3162 Bristollia
952 3096 1180 3161 cantuariam
1213 3117 1294 3179 pro·

343 3199 466 3275 fectus
499 3199 670 3280 disposuit
697 3193 749 3262 ²in
781 3197 916 3261 Gallias
944 3196 1195 3275 transfretare3
1230 3196 1290 3260 sed

344 3298 463 3363 audito
489 3319 624 3362 rumore
651 3299 693 3361 de
718 3297 918 3361 infirmitate
950 3295 1081 3371 matris,
1108 3296 1293 3360 revertitur

343 3396 638 3473 Ambresburiam,
656 3398 769 3461 missis
788 3397 917 3460 nuntiis
934 3397 994 3478 qui
1012 3415 1049 3458 se
1064 3394 1157 3477 apud
1176 3413 1291 3476 regem

346 3497 514 3572 Franciae,
536 3496 578 3558 ad
599 3496 698 3579 cujus
720 3496 929 3579 colloquium
953 3494 1103 3577 speciale
1125 3494 1292 3557 invitatus

182 3609 317 3706 ffipnofv'
344 3595 469 3673 suerat,
488 3602 706 3659 excusarent.
760 3596 902 3660 Mortuo
918 3613 1010 3676 papa
1032 3593 1200 3669 Martino,
1218 3613 1295 3656 suc-

181 3709 333 3847 3⁰:101&
344 3694 435 3758 cedit
458 3696 489 3757 ei
517 3695 696 3758 Honorius
724 3694 803 3771 lV.,
818 3695 958 3758 natione
978 3693 1171 3769 Romanus,
1199 3693 1295 3774 prius

281 3759 457 3856 ·v'dictus
481 3793 635 3857 lacobus
667 3793 709 3856 de
734 3793 885 3870 Sabella,
914 3794 970 3856 cui
999 3791 1123 3874 pedum
1154 3811 1196 3856 ac
1226 3810 1296 3855 ma·

343 3911 448 3955 nuum
482 3892 554 3956 sere
584 3891 734 3956 officium
767 3892 960 3957 abstulerat
990 3889 1173 3954 arthritica
1198 3892 1296 3971 tegri-

376 4095 604 4159 ¹‘Wikhanton;'
637 4102 674 4149 M.
702 4106 726 4149 et
756 4100 804 4150 Ar.
866 4100 940 4150 '‘in
969 4097 1104 4162 Gallias3’
1136 4104 1241 4153 omitted
1270 4106 1296 4152 in

338 4169 560 4230 ‘winchintona;'
585 4173 646 4220 Cod.
672 4171 736 4232 Reg.
762 4185 804 4219 su·
832 4171 899 4220 D'A.

339 4252 394 4299 pra,
407 4254 433 4298 p.
444 4243 502 4288 275.
