2940 4950
341 447 386 511 78
700 459 771 508 nro.
795 456 946 505 ruinart

175 648 297 699 muium
394 616 590 681 Lodovicus
613 634 675 679 rex
700 612 925 689 Francorum,
946 611 1150 676 consumtis
1167 611 1308 675 baroni-

174 700 307 799 ξῖἶῗξῖῗῖη.
342 720 407 781 bus
442 716 540 795 regni
575 715 641 789 sui,
679 714 817 794 rogavit
857 730 930 788 eos,
962 718 1003 775 ut
1035 709 1194 775 Heurico
1230 713 1305 793 regi

174 798 302 887 ffilss‘m'
337 815 468 901 juniori
488 820 606 878 essent
620 813 655 876 in
680 812 850 876 auxilium
869 818 992 875 contra
1011 818 1160 893 patrem.
1213 810 1304 873 Tres

341 915 449 997 igitur
463 914 619 989 comites,
637 909 1113 987 Flandrensis,Caruotansis,
1123 903 1303 975 et¹Clare=

342 1015 543 1088 montensis,
576 1013 786 1095 juraverunt
820 1030 858 1074 se
896 1008 1180 1074 transfretaturos
1220 1027 1300 1073 cum

342 1132 424 1193 roge
442 1111 594 1196 juniore,
615 1118 650 1174 et
665 1111 774 1174 eidem
789 1128 932 1191 regnum
948 1105 1087 1189 Angliee
1099 1128 1144 1172 ex
1161 1108 1300 1189 integro

341 1214 558 1276 subacturos.
622 1208 693 1273 Alii
718 1228 801 1274 vero
827 1208 1048 1292 juraveruut,
1089 1207 1184 1291 quod
1219 1226 1297 1271 cum

341 1312 495 1375 exercitu
518 1331 580 1393 por
605 1308 855 1373 Normanniam
878 1314 1073 1389 pergerent,
1093 1314 1130 1371 et
1150 1307 1299 1372 castella

340 1411 604 1494 pessundarent,
621 1404 822 1491 ²urbemque
846 1406 1104 1488 Rothomagum
1118 1406 1297 1471 obsidione

341 1510 531 1590 cingerent,
556 1508 648 1591 quod
672 1508 792 1591 utique
813 1506 894 1571 licet
917 1506 1190 1588 aggrederentur
1213 1505 1297 1569 nihil

343 1612 480 1691 ponitus
498 1609 727 1692 profecerunt.
781 1594 861 1671 Rex
879 1606 969 1669 enirn
988 1605 1166 1670 Haurieus
1183 1605 1298 1669 senior

200 1692 246 1720 ⁰⁰⁰⁸
290 1706 296 1719 '
341 1709 485 1772 castolla
509 1727 585 1784 sura,
611 1726 690 1788 quae
716 1714 815 1770 erant
842 1706 876 1768 in
903 1704 1029 1769 finibus
1057 1704 1296 1781 Normanuiae,

342 1807 459 1882 armis,
483 1806 659 1882 militibus,
675 1814 711 1870 et
726 1804 933 1870 victualibus
955 1804 1084 1887 optime
1105 1804 1297 1868 communi·

341 1903 403 1966 vit.
457 1904 621 1969 Removit
640 1906 745 1969 otiam
772 1903 939 1987 quosdam
967 1904 1191 1967 castellorum
1219 1922 1297 1967 cus·

342 2002 452 2078 tedes,
476 2023 563 2086 ques
584 2004 732 2068 babebat
754 2010 947 2086 suspectos,
971 2002 1088 2066 fideles
1109 2001 1296 2085 dequibus

340 2102 535 2167 confidebat
552 2104 777 2167 substituens.
831 2101 964 2166 Multos
979 2102 1083 2166 etiam
1100 2100 1145 2166 de
1158 2102 1298 2167 baroni-

340 2200 405 2264 bus
439 2202 593 2267 Francite
617 2197 808 2266 ³obcrratos
836 2200 996 2277 habebat,
1022 2208 1057 2266 et
1080 2199 1145 2265 sibi
1173 2201 1297 2265 famili·

341 2318 418 2364 arcs
447 2302 573 2366 l'ceerat
604 2302 777 2384 obsequiis
808 2310 914 2383 atque
946 2300 1057 2364 donis.
1110 2297 1298 2366 Allocutus

341 2408 395 2464 est
423 2401 526 2465 ctiam
561 2402 707 2464 barones
740 2400 977 2476 Normanniae,
1012 2407 1048 2463 et
1082 2400 1298 2465 obsecrando

340 2498 499 2563 hortatus
523 2508 587 2576 est,
609 2506 648 2563 ut
663 2499 808 2563 viriliter
822 2518 863 2563 ae
877 2499 1027 2562 fideliter
1048 2506 1207 2580 egerent,
1225 2520 1297 2565 me-

340 2616 520 2681 moresque
553 2608 680 2676 essent,
712 2599 883 2681 quomodo
914 2606 1030 2680 patros
1056 2616 1174 2661 eorum
1207 2598 1298 2663 mul-

341 2697 468 2759 totiens
510 2697 661 2761 Francos
694 2699 777 2761 fines
814 2716 932 2761 eorum
967 2697 1182 2775 invadentes,
1216 2718 1295 2763 cum

340 2814 456 2859 corum
474 2799 692 2874 verecundia,
709 2796 843 2861 fortiter
858 2790 1096 2878 ‘expulissent

394 2896 537 2975 lleindc,
560 2899 680 2979 paucis
705 2905 765 2960 aut
790 2895 893 2959 nullis
923 2896 965 2959 de
994 2895 1180 2960 baronibus
1205 2896 1297 2961 Nor-

178 2978 238 3053 st..
264 2978 284 3055 ‚yn
340 2998 486 3060 manaim
515 2998 713 3078 assumptis,
741 3016 819 3059 cum
846 2995 1129 3059 Brabanzonibus
1157 2996 1195 3059 in
1223 2996 1298 3061 An·

185 3074 270 3153 ‘''dnb
296 3094 316 3153 i.
341 3096 445 3171 gliam
461 3096 700 3170 transfretans,
717 3116 794 3160 curn
820 3095 972 3157 maxima
990 3094 1184 3158 humilitate
1203 3104 1297 3160 tum·

202 3174 225 3203 ⁸¹
249 3176 264 3205 ''
341 3194 418 3256 bam
447 3195 537 3259 boati
564 3194 708 3258 Tbomm
739 3195 899 3276 martyris
930 3193 1106 3258 visitavit:
1140 3201 1179 3257 ut
1204 3197 1296 3260 enim

342 3290 623 3358 cantuariensem
642 3295 727 3358 vidit
743 3294 935 3370 ecclesiam,
953 3312 1043 3376 equo
1061 3292 1236 3372 desiliens,
1260 3297 1295 3359 in

341 3402 435 3458 veste
463 3395 574 3471 lanea,
600 3394 700 3456 nudis
728 3393 871 3475 podibus
895 3392 1093 3475 peditando,
1115 3394 1294 3474 usquead

339 3490 446 3569 illam,
475 3514 535 3575 pcr
565 3493 709 3576 paludes
734 3501 769 3556 ct
797 3511 884 3555 saxa
910 3499 1025 3568 acuta,
1055 3511 1132 3555 cum
1156 3511 1297 3559 summa

339 3589 521 3655 devotione
539 3593 702 3673 perrexit.
749 3591 804 3655 Ad
822 3591 1015 3674 sepulcrum
1031 3610 1114 3656 vero
1129 3594 1298 3676 martyris

339 3697 544 3769 prostratus,
560 3691 594 3752 in
612 3691 766 3753 oratione
780 3698 815 3753 ct
832 3691 868 3754 in
878 3691 1049 3774 lacrymas
1064 3691 1114 3754 ita
1129 3689 1297 3773 profusus

339 3795 403 3863 est,
428 3795 467 3851 ut
496 3787 673 3851 adstantes
706 3790 808 3852 etiam
841 3790 885 3853 ad
915 3791 1086 3872 lacrymas
1115 3789 1297 3859 invitaret.

341 3886 443 3951 Feria
470 3894 572 3950 sexta
599 3886 680 3951 illue
705 3898 858 3967 venerat,
885 3896 920 3953 et
941 3890 1137 3971 impransus
1164 3890 1298 3957 ibidem

375 4082 645 4144 '‘Clammentensis;’
658 4082 727 4134 n’l.
813 4087 878 4147 ¹thia
897 4089 929 4149 by
946 4089 1112 4149 snbstituting
1130 4086 1301 4143 ‘obeam’

373 4154 566 4219 ²‘patriamque
577 4160 704 4204 vastarent
712 4153 728 4213 ;'
746 4157 785 4204 M.
812 4198 815 4227 ί
826 4159 870 4192 —‘
879 4158 1007 4206 aberrutos
1017 4153 1033 4219 3’
1045 4153 1113 4206 D’A,

373 4224 384 4255 ³
396 4227 457 4276 Hall
480 4225 669 4286 unnecessarily
692 4230 814 4279 correcta,
859 4224 868 4253 ⁴
882 4224 1092 4289 ‘expulsissent3’
1105 4223 1175 4276 n'A.
