2940 4950
508 447 692 495 inurens.
1011 432 1076 495 177

116 604 259 687 provisa
285 604 335 668 eis
362 621 500 667 annona
525 606 704 668 constituit
733 603 940 669 sacerdotes.
993 604 1073 668 blo-

115 704 217 768 naehi
235 703 504 768 Cantuarienses
528 704 562 766 in
584 703 752 768 electione
771 705 877 768 futuri
902 705 1074 786 pontilicis

116 803 306 881 discordes,
351 803 411 866 alii
454 804 657 885 magistrum
698 798 947 886 ¹Reginaldum
993 806 1075 867 sub-

118 904 269 987 priorem
299 922 413 981 suum,
440 903 500 966 alii
526 903 699 967 Joannem
726 905 769 968 de
796 898 912 986 ²Gray
941 903 1072 969 North-

116 1005 314 1081 wicensem,
330 1004 530 1086 episcopum
548 1004 738 1086 elegerunt.

169 1102 353 1186 Philippus
385 1102 598 1167 Francorum
629 1125 704 1177 rex.
729 1106 851 1168 castris
876 1100 1073 1169 fortissimis

119 1202 248 1269 Lochis
266 1212 301 1268 et
319 1201 475 1267 Ghinone
499 1204 623 1285 captis,
646 1224 668 1267 a
690 1204 841 1268 dominio
861 1204 1072 1285 Andegariae

117 1312 154 1368 et
176 1303 343 1368 Turoniae
368 1304 523 1369 totaliter
551 1323 664 1385 rogem
691 1304 884 1386 Anglorum
914 1305 1071 1368 exclusit.

118 1403 172 1467 Eo
199 1412 353 1486 tempore
375 1423 444 1486 quo
473 1404 655 1486 episcopus
685 1405 840 1469 Didacus
866 1424 943 1467 cum
970 1406 1224 1509 beatoffpdqpptne

119 1503 305 1567 Dominico
321 1503 503 1567 insistebat
519 1504 755 1586 praedicationi
768 1505 803 1567 in
815 1505 971 1587 partibus
982 1504 1073 1567 Tho
1086 1521 1215 1569 sinleum

118 1602 262 1679 losanis,
285 1604 433 1684 contigit
455 1611 495 1667 ut
509 1603 600 1687 apud
625 1604 971 1686 Mentem-Regalem
995 1624 1071 1668 cum

118 1702 403 1786 predicatoribus
434 1703 623 1768 Catholicis
657 1705 809 1769 haeretici
843 1705 1072 1787 disputarent.

122 1802 225 1867 Unus
235 1811 350 1867 autem
364 1802 406 1867 de
416 1805 556 1880 nostris,
571 1804 773 1868 Dominicus
792 1806 940 1882 nomine,
958 1807 1072 1868 socius

119 1903 274 1986 episcopi
298 1902 517 1979 Oxomensis,
536 1904 627 1968 sicut
651 1905 686 1967 in
716 1904 835 1968 Gestis
859 1906 925 1969 viri
949 1906 1072 1968 nobilis

119 2003 357 2086 nominatique
381 2002 530 2067 Simonis
550 2004 684 2068 comitis
712 2005 959 2069 Montis-sortis
987 2004 1073 2086 legi-

119 2112 190 2179 tur,
205 2104 431 2168 auctoritates
448 2123 535 2187 quas
553 2105 588 2166 in
607 2105 754 2168 medium
773 2105 986 2187 produxerat
999 2106 1073 2168 red-

121 2205 196 2285 egit
228 2204 264 2266 in
293 2204 444 2286 scriptis,
475 2212 510 2267 et
542 2196 694 2267 ³cuidam
734 2204 897 2268 haeretico
932 2204 1074 2267 tradidit

119 2303 332 2379 schedulam,
354 2311 392 2366 ut
409 2323 513 2385 super
532 2304 677 2386 objectis
694 2298 910 2368 *deliberatis
930 2322 1073 2386 respon·

120 2402 230 2470 deret.
282 2403 351 2481 Qui
376 2412 477 2468 nocte
500 2403 543 2467 ad
569 2405 684 2484 ignem
710 2404 833 2467 sedens
861 2424 939 2467 cum
958 2403 1072 2480 sociiS,

119 2502 165 2567 de
187 2521 303 2567 eorum
329 2522 473 2567 assensu
498 2503 696 2567 schedulam
724 2504 869 2588 projecit
891 2504 1073 2585 inignem,

121 2603 215 2667 lacta
245 2604 493 2684 protestatione
520 2604 610 2686 quod
640 2605 669 2667 si
698 2606 967 2682 combureretur,
992 2624 1074 2668 vera

121 2712 215 2767 esset
237 2701 333 2778 fides,
354 2704 458 2766 immo
476 2704 633 2785 perfidia,
658 2704 916 2783 haereticorum
943 2706 1073 2768 sivero

120 2802 338 2867 incombusta
370 2811 536 2880 maneret,
567 2803 668 2867 fidem
703 2825 806 2887 quam
838 2806 1074 2888 praedicabant

121 2900 295 2967 Catholici
312 2922 427 2966 veram
443 2923 518 2966 esse
540 2903 739 2967 faterentur.
793 2905 956 2988 Projecta
978 2905 1073 2968 sche-

120 3001 205 3066 dula
221 3002 256 3065 in
280 3003 393 3084 iguem
418 3023 487 3066 nou
511 3013 644 3067 tantum
669 3004 784 3080 semel,
808 3006 868 3069 sed
892 3007 1015 3069 iterum
1040 3015 1074 3068 et

120 3102 237 3178 tertio,
254 3104 357 3167 toties
374 3103 508 3166 resiluit
522 3104 625 3167 etiam
641 3104 866 3168 incombusta.
919 3106 999 3167 Hoc
1016 3124 1075 3186 per

119 3201 304 3285 quemdam
336 3202 395 3285 qui
421 3202 674 3286 aliquantulum
707 3204 895 3268 Catholicis
930 3224 1074 3267 consen-

119 3302 243 3379 tiebat,
271 3309 307 3366 et
332 3308 414 3367 tunc
446 3322 598 3384 praeseus
624 3311 710 3380 erat,
742 3305 785 3367 ad
819 3303 1075 3367 Catholicorum

120 3402 281 3485 pervenit
296 3403 466 3466 notitiam.
519 3402 607 3467 Cum
630 3413 746 3467 autem
773 3424 813 3467 eo
837 3412 990 3485 tempore
1016 3424 1077 3467 no-

120 3500 211 3566 biles
228 3501 380 3585 quidam,
403 3511 559 3583 egestate
581 3505 763 3586 compulsi,
786 3504 875 3567 lilias
902 3523 983 3567 snas
1006 3510 1077 3567 tra-

120 3600 244 3666 derent
273 3601 443 3665 haereticis
476 3603 688 3679 nutriendaS,
721 3605 844 3668 beatus
878 3603 1078 3668 Dominicus

121 3718 242 3765 earnm
275 3703 502 3783 perniciosum
533 3705 715 3767 miseratus
744 3705 978 3787 opprobrium,
1007 3726 1077 3768 mo-

122 3801 314 3866 nasterium
330 3821 392 3884 pro
410 3823 527 3866 earum
546 3805 742 3885 receptione
759 3805 922 3882 instituit,
945 3807 980 3867 in
1004 3805 1079 3868 loco

160 4081 168 4111 ¹
186 4084 350 4145 ‘bernerum
361 4079 374 4142 ς’
389 4084 450 4132 Cod.
465 4084 528 4144 Reg.
652 4080 662 4112 ³
679 4079 813 4141 ‘nudan13’
827 4085 864 4131 Μ.
876 4088 900 4130 et
912 4084 958 4129 Ar.

159 4150 170 4183 ²
186 4154 278 4215 ‘Grey
290 4154 480 4203 Norwlcensem
493 4148 506 4211 ;'
519 4153 558 4202 M.
567 4156 591 4200 et

121 4224 170 4273 Ar.
653 4220 662 4249 ⁴
679 4221 838 4271 ‘deliberans
849 4217 864 4279 ;’
876 4221 923 4270 Ar.

909 4338 930 4382 N
