2940 4950
581 480 764 530 anulare.
1092 466 1157 531 291

201 649 258 703 tus
280 659 357 705 sum
380 640 502 706 doctor
522 642 557 705 in
581 639 604 704 J
607 642 799 705 erusalem.'
852 640 1068 706 Conservata
1090 643 1157 708 ita-

199 759 267 823 que
304 741 433 820 littera,
471 761 533 824 per
572 743 711 805 nuntios
746 741 790 804 ad
830 741 1071 825 inquirendum
1112 744 1155 809 de

197 847 292 905 statu
338 840 458 906 fratris
506 840 651 905 Thomae
700 842 836 919 missos,
876 842 989 923 ipsum
1034 844 1153 908 eadem
1214 906 1218 915 ,

197 948 312 1018 nocte,
334 961 405 1024 qua
431 941 497 1005 sibi
521 942 696 1025 apparuit,
718 941 886 1023 comperit
912 962 957 1005 er
984 942 1049 1008 bac
1076 945 1153 1008 luce

196 1039 377 1122 migrasse.

248 1141 378 1205 Eodem
408 1159 499 1205 anno
528 1140 711 1223 Philippus
742 1140 954 1204 Francorum
987 1162 1063 1220 rex,
1093 1143 1151 1206 de·
1165 1158 1268 1211 πωροι

1163 1210 1245 1251 Franco

195 1240 316 1305 functa
344 1242 456 1324 prima
480 1260 590 1304 uxore
618 1240 691 1304 filia
715 1241 807 1321 regis
834 1240 1069 1322 Arragonum,
1094 1263 1147 1307 se·
1163 1261 1251 1300 marne·

194 1340 343 1405 cundum
367 1342 512 1423 accepit,
539 1341 688 1404 Mariam
707 1339 856 1417 nomine,
879 1360 1031 1405 sororem
1051 1343 1149 1406 ducis
1162 1310 1262 1400 m,

194 1440 406 1506 Brabantiae.
459 1441 636 1506 Henricus
654 1460 716 1504 rer
735 1439 973 1504 Navarrorum
991 1443 1147 1519 moritur,

195 1542 298 1605 unica
332 1541 404 1605 filia
437 1541 559 1605 relicta
591 1540 736 1616 herede;
770 1540 870 1624 cujus
902 1560 992 1604 uxor
1027 1544 1148 1623 regina

192 1650 316 1723 postea
340 1642 457 1724 nupsit
476 1640 681 1704 Eadmundo
703 1659 869 1721 germano
887 1642 977 1722 regis
997 1640 1146 1723 Angliae,

193 1741 253 1822 qui
280 1741 323 1804 de
347 1760 389 1804 ea
417 1750 488 1804 tres
520 1740 610 1803 filios
633 1740 849 1822 procreavit3
879 1741 1145 1823 primogenitum

191 1840 360 1905 Thomam
384 1840 596 1904 Lancastriae
619 1841 791 1914 comitem,
809 1841 996 1904 secundum
1015 1841 1145 1906 Henri-

191 1959 269 2004 cum
288 1940 331 2004 de
349 1940 554 2005 Lancastria
569 1941 742 2003 dominum
762 1939 988 2016 Monemutae,
1007 1943 1146 2006 tertium

192 2038 365 2105 Joannem
388 2041 448 2123 qui
471 2060 550 2104 cum
572 2059 691 2103 sorore
718 2040 754 2102 in
784 2039 910 2103 Galliis
935 2043 1145 2105 morabatur.

191 2138 306 2204 Gustu
321 2140 365 2204 de
381 2140 509 2204 Biema
524 2159 545 2204 a
560 2160 642 2221 rege
658 2139 850 2220 Anglorum
874 2140 1047 2217 obsessus,
1068 2160 1145 2204 cum

185 2239 262 2324 Jam
286 2241 344 2304 via
367 2240 535 2305 evadendi
562 2240 627 2303 sibi
653 2238 825 2322 praeclusa
847 2239 1043 2304 attenderet
1073 2260 1144 2304 rem

190 2358 268 2404 esse
284 2339 464 2405 inscribas
484 2348 524 2404 ut
540 2340 583 2403 ad
603 2339 811 2403 deditionem
833 2345 1026 2420 cogeretur,
1043 2358 1147 2422 super

191 2440 333 2521 negotio
361 2440 453 2522 quod
479 2440 708 2521 interregem
736 2438 946 2502 Edwardum
972 2447 1007 2502 et
1032 2440 1145 2520 ipsum

190 2541 391 2605 vertebatur
416 2539 684 2622 appellationem
713 2538 919 2621 interposuit
945 2539 988 2602 ad
1015 2539 1145 2602 curiam

189 2640 284 2721 regis
306 2640 538 2704 Francorum:
567 2640 623 2703 cui
657 2638 813 2703 deferens
847 2659 909 2702 rex
942 2639 1145 2716 Edwardus,

188 2740 312 2806 uolens
333 2760 449 2822 regem
467 2741 693 2816 Francorum,
716 2758 816 2821 quem
840 2759 949 2822 nuper
970 2739 1144 2803 dominum

188 2858 292 2904 suum
318 2860 381 2923 pro
410 2840 511 2903 terris
536 2839 608 2903 suis
635 2840 670 2902 in
703 2839 853 2902 Francia
884 2847 1145 2921 recognoverat,

187 2946 312 3006 contra
339 2959 377 3003 se
403 2948 537 3023 partem
563 2939 689 3017 iacere,
715 2939 997 3003 dissentientibus
1028 2939 1145 3002 multis

188 3038 233 3104 de
254 3039 328 3103 suis
350 3040 561 3105 obsidionem
579 3039 730 3103 amoveri
749 3039 868 3123 jussit,
890 3040 1057 3102 ministris
1072 3040 1144 3102 suis

188 3138 421 3217 committens,
443 3147 483 3204 ut
499 3139 645 3203 incuria
662 3139 755 3220 regis
775 3139 988 3201 Francorum
1003 3158 1142 3202 causam

188 3247 481 3324 prosequerentur
505 3247 627 3304 contra
656 3238 867 3317 Gastonem;
904 3238 939 3299 in
968 3257 1037 3319 qua
1068 3245 1145 3301 tan-

187 3340 267 3405 dem
299 3339 477 3424 injuriosae
506 3339 700 3403 rebellionis
730 3337 911 3402 convictus
942 3356 1003 3418 per
1028 3355 1143 3417 regem

189 3439 404 3504 Francorum
422 3440 514 3522 regis
532 3438 670 3521 Angliae
685 3437 856 3501 addicitur
873 3436 1057 3501 voluntati.

240 3539 434 3604 Edwardus
451 3559 513 3605 rex
529 3548 713 3622 postquam
729 3537 939 3601 obsidionem
955 3535 1292 3616 dimiseratsedens

188 3638 358 3705 ordinatis
379 3660 443 3723 pro
465 3640 610 3704 articulo
634 3638 799 3721 temporis
821 3638 922 3699 rebus
945 3634 1143 3713 Vaseoniae,
1155 3610 1283 3697 &iiiiii

188 3740 227 3803 in
253 3738 417 3823 Angliam
446 3739 667 3822 properavit3
700 3738 758 3802 ubi
786 3756 807 3800 a
836 3736 928 3800 clero
952 3744 988 3800 et
1014 3737 1143 3819 populo

187 3856 267 3903 cum
291 3839 420 3922 gaudio
440 3845 600 3922 receptus
627 3839 780 3902 maximo
806 3844 841 3900 et
862 3837 1004 3911 honore,
1023 3836 1145 3899 Domi-

187 3938 268 4003 uiea
280 3939 372 4003 infra
382 3948 525 4003 octavas
537 3936 796 4020 Assumptionis
807 3936 965 4018 Virginis
982 3936 1143 4016 gloriosae

185 4038 224 4103 in
242 4039 389 4103 ecclesia
405 4038 781 4113 westmonasteriensi,
796 4055 865 4099 una
881 4055 959 4100 cum
976 4034 1144 4098 Alienora

187 4148 348 4204 consorte
368 4158 446 4216 sua,
464 4158 485 4202 a
505 4139 613 4202 fratre
633 4158 697 4202 suo
722 4136 878 4201 Roberto
899 4134 1144 4198 Cantuariensi

188 4236 449 4323 archiepiscopo
471 4239 654 4320 inungitur
677 4237 712 4300 in
738 4254 865 4318 regem,
888 4241 924 4297 et
946 4232 1145 4297 solemniter

950 4356 994 4402 ua
