2940 4950
574 427 758 475 0000000.
1074 410 1138 474 401

182 574 370 639 duxerunt.
441 574 532 638 Dum
574 576 671 639 fieret
708 577 774 640 iste
813 574 1006 651 conflictus,
1040 575 1234 640 milenum

183 674 328 757 quidam
356 674 480 739 nobilis
509 674 683 740 Robertus
716 675 759 739 de
792 674 928 751 Nevile‚
955 676 1135 739 missarum
1149 648 1261 738 ididid

184 773 330 838 audieus
357 773 537 851 solemnia,
570 775 663 859 (erat
694 776 783 838 enim
813 775 995 839 Dominica
1027 749 1241 856 prima⁸⁰'¹¹¹⁰'

185 870 503 958 Quadragesimee,)
525 894 604 957 quae
631 882 731 956 gesta
757 874 893 938 fuerant
919 875 1055 955 penitus
1083 876 1136 956 ig-

185 972 344 1036 norabat.
412 972 499 1038 Post
525 973 664 1037 missam
696 993 778 1037 vero
807 993 979 1056 egressus,
1011 993 1088 1036 cum
1115 994 1138 1039 a

185 1070 409 1136 redeuntibus
438 1072 590 1136 audisset
621 1073 744 1137 Scotos
778 1073 967 1154 praevalere
996 1073 1030 1135 in
1061 1071 1135 1137 Au-

184 1170 309 1253 glicos,
332 1170 415 1235 illuc
441 1191 517 1235 cum
544 1173 617 1236 suis
644 1154 799 1235 armatus
828 1192 1029 1254 properans,
1053 1174 1137 1236 mul-

186 1278 243 1334 tos
271 1271 434 1353 peremit3
469 1271 615 1354 aliisque
644 1271 786 1352 fugatis,
818 1272 975 1353 captivos
1000 1271 1135 1353 aliquos

186 1369 346 1434 reduxit:
374 1390 437 1434 nec
460 1371 503 1434 de
526 1372 579 1434 his
600 1370 658 1453 qui
680 1371 795 1434 missae
817 1390 955 1434 comeo
977 1370 1136 1434 interfue-

186 1476 266 1532 rant
289 1470 470 1551 quisquam
496 1478 620 1553 captus
648 1468 724 1547 suit,
754 1477 816 1533 aut
841 1470 994 1549 graviter
1017 1469 1136 1533 vulne·

186 1574 297 1645 ratus,
320 1568 380 1633 sed
408 1588 470 1633 nec
492 1570 622 1633 corruit
644 1589 732 1633 unns
749 1568 855 1633 solus.
907 1568 1032 1633 Comes
1060 1569 1135 1634 Ma·

187 1667 335 1744 rescalli,
353 1668 451 1733 fratri
468 1688 532 1733 suo
549 1669 572 1733 J
575 1669 678 1733 oanni
698 1668 860 1745 offensus,
877 1676 1022 1751 captans
1045 1670 1136 1750 regis

187 1766 476 1844 benevolentiam,
499 1789 617 1833 omnes
643 1777 754 1833 terras
776 1788 857 1832 suas
886 1769 960 1850 regi
983 1767 1136 1845 donavit,

188 1866 241 1930 ita
268 1875 306 1931 ut
330 1868 360 1931 ei
389 1868 533 1951 adjectis
559 1868 652 1932 mille
680 1868 814 1932 libratis
843 1877 1011 1932 terrarum
1040 1868 1137 1933 redo-

187 1973 354 2029 narentur
376 1967 556 2031 advitam.
609 1967 688 2031 Rex
711 1966 831 2030 audita
858 1968 1041 2031 rebellione
1055 1967 1137 2032 Sco-
1149 1988 1240 2028 sunna

187 2072 315 2142 torum,
332 2067 423 2148 apud
449 2066 725 2148 Rokesburgiam
753 2066 788 2129 in
811 2066 941 2142 Scotia,
959 2086 1003 2130 ex
1024 2065 1136 2131 edicto
1148 2040 1245 2138 iffi:

188 2165 339 2247 publico,
365 2166 400 2228 in
424 2166 512 2230 festo
536 2165 773 2240 Pentecostes,
791 2166 982 2229 exercitum
1008 2139 1248 2229 aduno-‘effla

188 2264 260 2340 vit:
289 2265 580 2348 progrediensque
603 2266 720 2348 parvis
742 2265 856 2341 dietis
878 2272 986 2328 totam
1011 2271 1136 2329 terram
1148 2238 1267 2328 bibi...

188 2383 300 2447 usque
324 2365 358 2428 in
382 2363 638 2442 Cantenasiam,
667 2384 744 2446 quae
767 2375 821 2428 est
840 2365 875 2427 in
898 2364 1029 2429 ultimis
1053 2364 1137 2428 Sco·

189 2464 249 2528 tite
268 2464 403 2540 finibus
421 2465 658 2545 perlustravit,
672 2464 806 2527 nemine
822 2464 933 2546 aperti
951 2463 1060 2545 praelii
1078 2484 1136 2528 co-

187 2564 283 2647 piam
306 2557 479 2626 saciente.¹
548 2562 718 2627 Videntes
739 2563 857 2646 itaque
884 2562 979 2627 Scoti
1005 2583 1137 2627 senon

188 2682 292 2747 posse
310 2661 482 2738 resistere,
499 2662 612 2726 missis
636 2663 765 2726 nuntiis
787 2663 985 2745 petiverunt
1002 2662 1136 2727 bumili-

188 2771 244 2826 ter
263 2783 284 2827 a
304 2782 385 2844 rege
406 2761 450 2825 ad
473 2779 592 2845 pacem
615 2782 712 2827 suam
736 2763 863 2845 reeipi;
888 2771 923 2827 et
940 2769 979 2825 ut
995 2764 1136 2845 permit-

188 2869 280 2927 teret
309 2863 369 2937 eis,
398 2861 480 2926 dato
511 2863 621 2943 pretio
653 2863 697 2926 ab
728 2861 781 2925 his
812 2863 938 2945 quibus
969 2882 1031 2944 per
1059 2882 1136 2926 eum

189 2962 327 3027 collatae
348 2968 459 3039 eraut,
481 2962 648 3026 redimere
669 2969 779 3027 terras
801 2982 894 3027 suas.
947 2962 1139 3047 Adquievit

187 3082 252 3127 rex
278 3082 395 3126 eorum
418 3061 590 3143 precibus,
607 3072 643 3125 et
658 3061 794 3125 rediens
816 3071 967 3126 castrum
985 3062 1028 3125 de
1050 3062 1137 3127 Stri-

189 3161 296 3237 velin‚
313 3161 404 3244 quod
429 3160 525 3225 Scoti
547 3168 802 3242 occupaverant
821 3168 857 3224 et
876 3170 998 3224 contra
1021 3181 1137 3241 regem

189 3261 432 3337 defendebant,
448 3259 566 3346 (cujus
593 3259 807 3342 expugnatio
826 3260 859 3321 in
886 3259 1138 3340 progrediendo

225 3444 235 3478 ¹
252 3447 306 3496 ‘l'be
330 3447 471 3496 enarrer.
493 3444 552 3493 bere
575 3443 649 3504 adds,
675 3442 771 3504 Comyn
790 3458 822 3492 ex
838 3443 918 3491 altera
937 3447 1008 3503 parte
1029 3442 1138 3490 fluminis

186 3517 362 3579 ‘Regrediens
380 3518 434 3565 sine
454 3515 520 3564 omni
542 3513 649 3575 impedi·
675 3528 732 3562 cum
744 3517 797 3562 tota
811 3513 940 3562 Scotorum
954 3516 1077 3573 potestate
1092 3512 1137 3560 ad·

190 3593 275 3636 mento
293 3587 504 3648 perveniturque
523 3584 650 3643 Striveliu,
676 3584 752 3632 venit.
789 3583 871 3645 Cujus
888 3581 998 3630 adventu
1015 3582 1047 3630 ab
1065 3596 1146 3630 exer--

189 3660 267 3720 cujus
290 3662 401 3705 castrum
422 3657 492 3705 Snotl
517 3654 650 3713 tenebant;
675 3654 728 3701 citu
745 3654 813 3714 regis
832 3657 960 3714 percepto,
979 3666 1064 3700 omues
1083 3666 1138 3701 cor·

188 3742 236 3776 000
255 3726 401 3776 intendebat
418 3741 448 3774 ea
466 3726 521 3773 vice
540 3729 650 3773 castrum
676 3724 754 3784 raptis
769 3723 845 3771 armis
861 3736 940 3784 equos
954 3722 1137 3782 ascenderunt;

189 3797 316 3856 obsidere,
337 3795 382 3844 sed
408 3796 514 3843 transire
537 3793 651 3853 fluvium,
677 3807 734 3841 cum
751 3793 845 3854 quibus
861 3798 886 3841 et
902 3807 946 3841 rex
961 3792 1016 3853 ipse
1033 3792 1137 3840 fluvium

190 3867 236 3929 qui
260 3881 329 3915 mare
359 3866 519 3915 Scoticauum
549 3862 651 3922 dicitur,
678 3863 816 3924 ingressus,
830 3862 923 3911 vadum
941 3876 987 3922 pro
1003 3876 1030 3909 se
1046 3866 1072 3909 et
1084 3862 1137 3909 suis

188 3951 236 4000 per
264 3941 374 3998 pontem,
401 3949 476 3996 quem
503 3933 571 3981 Sooti
596 3934 650 3995 jam
677 3933 780 3994 invenit,
788 3933 913 3994 dirigente
924 3930 1140 3990 Domino‚oppor·

188 4006 317 4068 fregerunt
343 4010 368 4053 et
390 4004 590 4062 combusserunt,
621 4017 652 4050 ue
678 4007 776 4050 omum.
799 4002 875 4053 Quod
884 3999 1139 4048 ridentesScotiver·

190 4075 470 4138 cuipaterettrausitus
483 4072 651 4135 pereundam.
679 4075 766 4119 tuutnr
790 4072 816 4119 in
842 4070 937 4131 lugam.
963 4067 1140 4129 fugientesque

190 4146 260 4195 Dum
269 4150 353 4196 autem
362 4159 407 4193 rex
415 4145 473 4193 fixis
482 4143 653 4204 papilionibus
679 4142 846 4200 insequuntur
863 4138 966 4199 Angllci
981 4138 1014 4185 ad
1026 4137 1139 4198 spatium

188 4217 222 4266 ad
234 4215 368 4278 prandium
384 4228 411 4263 00
422 4218 532 4274 pararet,
543 4212 654 4260 Joannes
679 4210 824 4259 milliarium
837 4210 913 4257 trium
924 4212 950 4256 et
960 4202 1043 4256 ultra!

927 4299 991 4344 DD
