2940 4950
582 397 766 447 aurnuns.
1078 382 1143 446 129

186 553 461 618 Christianorum
487 556 663 631 nobilium,
690 564 725 620 et
753 557 961 638 quingentos
984 557 1142 638 captivo·
1195 551 1208 673 l

186 673 259 717 rum
292 654 502 733 inferiorum,
542 657 592 719 ita
624 656 716 740 quod
758 657 890 720 obsessi
924 656 1140 737 egredientes
1205 680 1209 715 ι

187 753 272 817 nihil
289 763 416 836 praeter
430 756 588 819 camisias
611 765 841 839 asportarent,
864 757 1055 838 darentque
1077 777 1140 838 pro

186 854 422 936 redemptione
439 857 590 938 capitum
609 876 750 921 suorum
772 856 1052 921 Saracenicorum
1071 856 1140 921 duo

187 954 295 1017 millia
313 953 532 1029 talentorum,
552 964 587 1020 et
601 975 706 1039 super
722 956 777 1019 bis
792 956 938 1020 fideliter
956 957 1142 1021 observan-

186 1053 240 1117 dis
266 1053 440 1119 traderent
470 1056 607 1120 obsides
638 1056 822 1120 nobiliores
853 1055 1045 1120 'lurcorum
1080 1057 1140 1139 qui

186 1154 424 1218 invenirentur
438 1156 473 1218 in
487 1157 582 1220 urbe.
619 1156 688 1220 His
703 1156 956 1220 conditionibus
970 1155 1142 1232 admissis,
1204 1178 1207 1193 ·

189 1254 322 1317 reddita
347 1261 401 1318 est
424 1256 562 1337 regibus
591 1256 715 1320 civitas
737 1249 875 1320 ¹thon
909 1261 1034 1339 quarto
1064 1255 1143 1319 idus
1204 1278 1208 1307 ι

188 1353 212 1418 J
215 1353 287 1430 ulii,
310 1362 345 1418 et
360 1355 497 1418 obsides
520 1355 652 1420 traditi.
698 1356 758 1419 Fit
773 1357 881 1438 igitur
903 1375 1005 1438 acqua
1026 1353 1143 1418 distri·

187 1455 284 1518 butio
310 1454 482 1534 civitatis3
510 1455 545 1518 in
571 1465 698 1520 sortem
729 1457 821 1538 regis
849 1456 1006 1521 Franciae
1037 1455 1142 1518 cessit

187 1555 462 1637 Templariorum
479 1555 593 1620 nobile
604 1556 785 1639 palatium,
795 1556 867 1638 regi
880 1554 1033 1621 Ricardo
1047 1554 1143 1636 pala-

190 1656 273 1718 tium
305 1656 433 1738 regale,
465 1655 501 1718 in
531 1677 599 1738 quo
629 1658 767 1738 reginas
795 1676 940 1722 uxorem
964 1655 1080 1738 posuit
1106 1662 1142 1718 et

190 1774 360 1819 sororem:
388 1775 561 1820 armorum
585 1777 721 1841 quoque
743 1765 779 1821 et
802 1757 1002 1822 victualium
1027 1773 1142 1837 reper-

191 1863 304 1917 torum
341 1862 375 1919 et
414 1856 570 1919 obsidum
608 1857 911 1939 proportionaliter
939 1856 1144 1920 divisionem

193 1954 383 2016 sortiuntur
398 1954 577 2035 aequalem.

243 2050 329 2114 Post
353 2052 426 2116 dies
447 2073 577 2135 paucos
599 2054 689 2118 inter
711 2075 809 2136 reges
829 2054 946 2136 gravis
970 2055 1146 2118 suboritur
1157 2074 1244 2114 naara

189 2151 374 2228 discordia,
392 2153 471 2215 dum
489 2173 549 2216 rex
571 2154 781 2218 Francorum
806 2153 974 2217 Marcbisi
996 2162 1144 2235 partem,
1157 2123 1297 2223 iii'g'ffl'i‘h‘

192 2252 400 2316 vindicantis
425 2272 569 2334 regnum
593 2253 801 2329 Jerusalem,
827 2253 943 2330 sovet;
973 2222 1288 2323 Ricardusiiiiiill*

192 2372 274 2416 vero
292 2372 352 2416 rex
371 2360 502 2434 partem
516 2351 708 2417 Guidonis:
728 2372 807 2435 quae
818 2359 945 2429 tamen,
958 2371 1147 2433 procuran-

193 2453 286 2516 tibus
303 2452 386 2515 viris
400 2452 571 2530 discretis,
589 2453 642 2516 his
660 2453 913 2516 conditionibus
931 2451 1145 2534 conquievit3

194 2552 364 2629 videlicet,
393 2560 432 2617 ut
457 2551 572 2618 Guido
602 2553 732 2635 regiam
760 2553 930 2617 obtineret
964 2551 1007 2615 ad
1039 2553 1148 2616 vitam

194 2651 409 2734 dignitatern,
438 2652 634 2717 Marcbisus
658 2672 752 2731 vero,
775 2654 834 2734 qui
863 2652 961 2733 regni
986 2651 1146 2716 heredem

193 2751 351 2828 duxerat,
385 2754 527 2817 baberet
555 2746 760 2818 ²comitatus
788 2752 887 2835 Tyri,
920 2750 1081 2834 Sydonis,
1111 2759 1148 2815 et

195 2851 341 2929 Barutb,
371 2853 600 2935 defunctoque
630 2851 791 2917 Guidone
824 2852 922 2934 regni
953 2851 1147 2915 diademate

193 2952 426 3033 insigniretur.
479 2951 582 3030 Quod
605 2954 634 3016 si
658 2952 853 3017 Guidonem
875 2959 911 3015 et
933 2951 1147 3014 Marchisum

195 3071 273 3115 cum
303 3051 451 3135 conjuge
478 3053 695 3133 contingeret
717 3052 877 3115 humanis
904 3051 1007 3113 rebus
1030 3051 1149 3127 eximi,

195 3150 277 3213 dum
305 3168 366 3213 rex
399 3151 572 3215 Ricardus
596 3151 631 3213 in
660 3152 816 3233 partibus
847 3149 915 3212 illis
945 3156 1149 3226 moraretur,

197 3252 272 3332 ipse
289 3249 331 3312 dc
346 3269 453 3332 reguo
470 3251 645 3314 ordinaret
658 3258 697 3314 ut
711 3250 922 3315 commodius
936 3248 1120 3311 videretur.

248 3350 409 3413 Exeuute
437 3352 555 3433 itaque
582 3369 698 3414 mense
723 3349 823 3425 Julii,
849 3368 910 3412 rex
938 3348 1149 3412 Francorum
1164 3379 1232 3430 mn,

196 3451 387 3532 repatriare
429 3451 615 3533 disponens
659 3450 779 3514 ducem
821 3447 1035 3530 Burgundiae
1074 3434 1277 3521 locoi‘ilgltl

198 3569 262 3613 suo
280 3549 428 3633 reliquit.
481 3550 574 3615 Anto
590 3559 705 3616 tamen
720 3551 909 3614 discessum
933 3568 1045 3625 suum,
1068 3569 1151 3613 con·

197 3657 321 3713 ventus
346 3669 368 3713 a
390 3670 472 3732 rege
502 3650 655 3715 Ricardo
685 3650 729 3714 de
761 3657 882 3714 mutua
914 3650 1152 3715 conservanda

198 3748 364 3814 fidelitate
386 3751 594 3828 securitatis,
614 3752 747 3836 juravit
768 3750 860 3833 quod
878 3751 950 3814 suis
971 3756 1034 3814 aut
1050 3757 1152 3814 terrae

196 3868 270 3913 suae
293 3869 360 3913 non
384 3859 521 3916 noceret
544 3852 708 3933 quamdiu
725 3871 787 3914 rex
804 3850 977 3915 Ricardus
996 3851 1031 3913 iu
1054 3868 1150 3932 pere-

197 3950 394 4032 grinatione
420 3959 591 4028 maneret,
611 3971 673 4016 uec
700 3952 804 4015 etiam
832 3958 911 4032 post
936 3949 1085 4013 reditum
1116 3948 1151 4009 in

315 4181 323 4214 ¹
339 4179 462 4244 ‘Acrem'
480 4184 522 4235 Fr.
532 4185 576 4234 Tr.
661 4179 666 4250 Ι
753 4179 763 4209 ¹
779 4176 969 4240 ‘comitatum'
981 4178 1030 4229 Ar.

980 4286 1002 4333 K
