<?xml version="1.0" encoding="UTF-8"?>
<!DOCTYPE html PUBLIC "-//W3C//DTD XHTML 1.0 Transitional//EN"
    "http://www.w3.org/TR/xhtml1/DTD/xhtml1-transitional.dtd">
<html xmlns="http://www.w3.org/1999/xhtml" xml:lang="en" lang="en">
 <head>
  <title>
</title>
<meta http-equiv="Content-Type" content="text/html;charset=utf-8" />
  <meta name='ocr-system' content='tesseract 3.04.00' />
  <meta name='ocr-capabilities' content='ocr_page ocr_carea ocr_par ocr_line ocrx_word'/>
</head>
<body>
  <div class='ocr_page' id='page_1' title='image "./fnicholaitrivet00trivgoog/fnicholaitrivet00trivgoog_0305.png"; bbox 0 0 2940 4950; ppageno 0'>
   <div class='ocr_carea' id='block_1_1' title="bbox 367 454 973 520">
    <p class='ocr_par' dir='ltr' id='par_1_1' title="bbox 367 454 973 520">
     <span class='ocr_line' id='line_1_1' title="bbox 367 454 973 520; baseline -0.01 0"><span class='ocrx_word' id='word_1_1' title='bbox 367 454 434 520; x_wconf 77' lang='lat'>272</span> <span class='ocrx_word' id='word_1_2' title='bbox 729 468 802 516; x_wconf 83' lang='lat' dir='ltr'>ruo.</span> <span class='ocrx_word' id='word_1_3' title='bbox 826 467 973 515; x_wconf 82' lang='lat' dir='ltr'>uarvnrr</span> 
     </span>
    </p>
   </div>
   <div class='ocr_carea' id='block_1_2' title="bbox 205 621 1325 2595">
    <p class='ocr_par' dir='ltr' id='par_1_2' title="bbox 205 621 1324 708">
     <span class='ocr_line' id='line_1_2' title="bbox 205 621 1324 708; baseline -0.003 -20"><span class='ocrx_word' id='word_1_4' title='bbox 205 649 347 696; x_wconf 60' lang='lat' dir='ltr'>sutilem</span> <span class='ocrx_word' id='word_1_5' title='bbox 370 633 449 708; x_wconf 90' lang='lat' dir='ltr'>post</span> <span class='ocrx_word' id='word_1_6' title='bbox 478 624 552 689; x_wconf 88' lang='lat' dir='ltr'>dies</span> <span class='ocrx_word' id='word_1_7' title='bbox 578 643 730 707; x_wconf 89' lang='lat' dir='ltr'>paucos;</span> <span class='ocrx_word' id='word_1_8' title='bbox 764 643 946 707; x_wconf 90' lang='lat' dir='ltr'>comesque</span> <span class='ocrx_word' id='word_1_9' title='bbox 975 623 1050 704; x_wconf 91' lang='lat' dir='ltr'>regi</span> <span class='ocrx_word' id='word_1_10' title='bbox 1081 621 1324 688; x_wconf 81' lang='lat' dir='ltr'>reconciliatur</span> 
     </span>
    </p>

    <p class='ocr_par' dir='ltr' id='par_1_3' title="bbox 205 699 1325 2595">
     <span class='ocr_line' id='line_1_3' title="bbox 205 699 1323 808; baseline -0.003 -20"><span class='ocrx_word' id='word_1_11' title='bbox 205 699 299 788; x_wconf 53' lang='lat' dir='ltr'>illim</span> <span class='ocrx_word' id='word_1_12' title='bbox 309 700 348 747; x_wconf 62' lang='lat'>⁹¹¹²</span> <span class='ocrx_word' id='word_1_13' title='bbox 369 745 431 808; x_wconf 90' lang='lat' dir='ltr'>per</span> <span class='ocrx_word' id='word_1_14' title='bbox 455 724 696 788; x_wconf 85' lang='lat' dir='ltr'>mediationem</span> <span class='ocrx_word' id='word_1_15' title='bbox 724 723 866 789; x_wconf 89' lang='lat' dir='ltr'>Ricardi</span> <span class='ocrx_word' id='word_1_16' title='bbox 892 722 984 805; x_wconf 86' lang='lat' dir='ltr'>regis</span> <span class='ocrx_word' id='word_1_17' title='bbox 1005 722 1256 799; x_wconf 89' lang='lat' dir='ltr'>Romanorum,</span> <span class='ocrx_word' id='word_1_18' title='bbox 1281 740 1323 786; x_wconf 87' lang='lat' dir='ltr'>ac</span> 
     </span>
     <span class='ocr_line' id='line_1_4' title="bbox 368 823 1324 906; baseline -0.003 -18"><span class='ocrx_word' id='word_1_19' title='bbox 368 824 515 889; x_wconf 88' lang='lat' dir='ltr'>illustris</span> <span class='ocrx_word' id='word_1_20' title='bbox 544 823 675 886; x_wconf 88' lang='lat' dir='ltr'>militis.</span> <span class='ocrx_word' id='word_1_21' title='bbox 696 823 849 906; x_wconf 91' lang='lat' dir='ltr'>Philippi</span> <span class='ocrx_word' id='word_1_22' title='bbox 878 823 1040 900; x_wconf 87' lang='lat' dir='ltr'>Bassetb,</span> <span class='ocrx_word' id='word_1_23' title='bbox 1073 823 1189 906; x_wconf 87' lang='lat' dir='ltr'>posita</span> <span class='ocrx_word' id='word_1_24' title='bbox 1218 841 1324 904; x_wconf 86' lang='lat' dir='ltr'>poena</span> 
     </span>
     <span class='ocr_line' id='line_1_5' title="bbox 368 922 1322 1004; baseline -0.002 -18"><span class='ocrx_word' id='word_1_25' title='bbox 368 924 485 988; x_wconf 89' lang='lat' dir='ltr'>decem</span> <span class='ocrx_word' id='word_1_26' title='bbox 510 922 654 986; x_wconf 91' lang='lat' dir='ltr'>millium</span> <span class='ocrx_word' id='word_1_27' title='bbox 680 941 872 987; x_wconf 88' lang='lat' dir='ltr'>marcarum</span> <span class='ocrx_word' id='word_1_28' title='bbox 896 923 926 986; x_wconf 93' lang='lat' dir='ltr'>si</span> <span class='ocrx_word' id='word_1_29' title='bbox 949 942 1065 987; x_wconf 87' lang='lat' dir='ltr'>comes</span> <span class='ocrx_word' id='word_1_30' title='bbox 1086 923 1123 986; x_wconf 93' lang='lat' dir='ltr'>in</span> <span class='ocrx_word' id='word_1_31' title='bbox 1145 928 1322 1004; x_wconf 87' lang='lat' dir='ltr'>posterum</span> 
     </span>
     <span class='ocr_line' id='line_1_6' title="bbox 368 1020 1324 1104; baseline -0.003 -17"><span class='ocrx_word' id='word_1_32' title='bbox 368 1023 554 1087; x_wconf 89' lang='lat' dir='ltr'>tumultum</span> <span class='ocrx_word' id='word_1_33' title='bbox 583 1022 733 1104; x_wconf 85' lang='lat' dir='ltr'>aliquem</span> <span class='ocrx_word' id='word_1_34' title='bbox 767 1028 1009 1086; x_wconf 86' lang='lat' dir='ltr'>commoveret.</span> <span class='ocrx_word' id='word_1_35' title='bbox 1063 1020 1166 1086; x_wconf 89' lang='lat' dir='ltr'>Circa</span> <span class='ocrx_word' id='word_1_36' title='bbox 1198 1020 1324 1085; x_wconf 84' lang='lat' dir='ltr'>festum</span> 
     </span>
     <span class='ocr_line' id='line_1_7' title="bbox 368 1120 1324 1203; baseline -0.002 -17"><span class='ocrx_word' id='word_1_37' title='bbox 368 1123 403 1186; x_wconf 92' lang='lat' dir='ltr'>S.</span> <span class='ocrx_word' id='word_1_38' title='bbox 421 1120 603 1187; x_wconf 87' lang='lat' dir='ltr'>Michaelis</span> <span class='ocrx_word' id='word_1_39' title='bbox 623 1141 685 1184; x_wconf 85' lang='lat' dir='ltr'>rex</span> <span class='ocrx_word' id='word_1_40' title='bbox 702 1141 780 1185; x_wconf 91' lang='lat' dir='ltr'>cum</span> <span class='ocrx_word' id='word_1_41' title='bbox 797 1140 925 1203; x_wconf 88' lang='lat' dir='ltr'>magno</span> <span class='ocrx_word' id='word_1_42' title='bbox 940 1121 1095 1186; x_wconf 89' lang='lat' dir='ltr'>exercitu</span> <span class='ocrx_word' id='word_1_43' title='bbox 1113 1120 1209 1184; x_wconf 87' lang='lat' dir='ltr'>venit</span> <span class='ocrx_word' id='word_1_44' title='bbox 1224 1120 1324 1185; x_wconf 87' lang='lat' dir='ltr'>Salo-</span> 
     </span>
     <span class='ocr_line' id='line_1_8' title="bbox 369 1219 1323 1304; baseline -0.002 -20"><span class='ocrx_word' id='word_1_45' title='bbox 369 1223 474 1304; x_wconf 83' lang='lat' dir='ltr'>piam,</span> <span class='ocrx_word' id='word_1_46' title='bbox 505 1223 541 1284; x_wconf 93' lang='lat' dir='ltr'>in</span> <span class='ocrx_word' id='word_1_47' title='bbox 571 1220 736 1285; x_wconf 88' lang='lat' dir='ltr'>Walliam</span> <span class='ocrx_word' id='word_1_48' title='bbox 764 1240 1023 1303; x_wconf 81' lang='lat' dir='ltr'>progressurus,</span> <span class='ocrx_word' id='word_1_49' title='bbox 1060 1228 1101 1284; x_wconf 88' lang='lat' dir='ltr'>ut</span> <span class='ocrx_word' id='word_1_50' title='bbox 1132 1219 1323 1303; x_wconf 92' lang='lat' dir='ltr'>principem</span> 
     </span>
     <span class='ocr_line' id='line_1_9' title="bbox 369 1318 1320 1406; baseline -0.002 -22"><span class='ocrx_word' id='word_1_51' title='bbox 369 1322 445 1406; x_wconf 88' lang='lat' dir='ltr'>ejus</span> <span class='ocrx_word' id='word_1_52' title='bbox 464 1320 685 1396; x_wconf 87' lang='lat' dir='ltr'>Lewelinum,</span> <span class='ocrx_word' id='word_1_53' title='bbox 705 1320 764 1402; x_wconf 89' lang='lat' dir='ltr'>qni</span> <span class='ocrx_word' id='word_1_54' title='bbox 786 1327 921 1402; x_wconf 87' lang='lat' dir='ltr'>partem</span> <span class='ocrx_word' id='word_1_55' title='bbox 944 1319 1080 1384; x_wconf 89' lang='lat' dir='ltr'>comitis</span> <span class='ocrx_word' id='word_1_56' title='bbox 1103 1318 1264 1401; x_wconf 86' lang='lat' dir='ltr'>Symonis</span> <span class='ocrx_word' id='word_1_57' title='bbox 1286 1319 1320 1383; x_wconf 94' lang='lat' dir='ltr'>in</span> 
     </span>
     <span class='ocr_line' id='line_1_10' title="bbox 369 1412 1323 1504; baseline -0.001 -21"><span class='ocrx_word' id='word_1_58' title='bbox 369 1441 434 1484; x_wconf 91' lang='lat' dir='ltr'>sua</span> <span class='ocrx_word' id='word_1_59' title='bbox 468 1420 735 1504; x_wconf 74' lang='lat' dir='ltr'>praesumptione</span> <span class='ocrx_word' id='word_1_60' title='bbox 766 1427 888 1483; x_wconf 85' lang='lat' dir='ltr'>contra</span> <span class='ocrx_word' id='word_1_61' title='bbox 922 1438 1039 1501; x_wconf 88' lang='lat' dir='ltr'>regem</span> <span class='ocrx_word' id='word_1_62' title='bbox 1068 1412 1230 1495; x_wconf 82' lang='lat' dir='ltr'>¹ioverat,</span> <span class='ocrx_word' id='word_1_63' title='bbox 1263 1418 1323 1482; x_wconf 92' lang='lat' dir='ltr'>de-</span> 
     </span>
     <span class='ocr_line' id='line_1_11' title="bbox 369 1509 1322 1601; baseline -0.002 -18"><span class='ocrx_word' id='word_1_64' title='bbox 369 1521 524 1584; x_wconf 86' lang='lat' dir='ltr'>bellaret.</span> <span class='ocrx_word' id='word_1_65' title='bbox 577 1518 627 1583; x_wconf 83' lang='lat' dir='ltr'>At</span> <span class='ocrx_word' id='word_1_66' title='bbox 648 1519 718 1595; x_wconf 90' lang='lat' dir='ltr'>ille,</span> <span class='ocrx_word' id='word_1_67' title='bbox 739 1519 852 1583; x_wconf 87' lang='lat' dir='ltr'>missis</span> <span class='ocrx_word' id='word_1_68' title='bbox 875 1518 919 1583; x_wconf 88' lang='lat' dir='ltr'>ad</span> <span class='ocrx_word' id='word_1_69' title='bbox 942 1538 1059 1601; x_wconf 86' lang='lat' dir='ltr'>regem</span> <span class='ocrx_word' id='word_1_70' title='bbox 1081 1518 1225 1594; x_wconf 90' lang='lat' dir='ltr'>nuntiis,</span> <span class='ocrx_word' id='word_1_71' title='bbox 1240 1509 1322 1581; x_wconf 79' lang='lat' dir='ltr'>²tri-</span> 
     </span>
     <span class='ocr_line' id='line_1_12' title="bbox 369 1617 1325 1701; baseline 0.002 -21"><span class='ocrx_word' id='word_1_72' title='bbox 369 1619 468 1699; x_wconf 85' lang='lat' dir='ltr'>ginta</span> <span class='ocrx_word' id='word_1_73' title='bbox 506 1618 615 1682; x_wconf 87' lang='lat' dir='ltr'>millia</span> <span class='ocrx_word' id='word_1_74' title='bbox 649 1617 814 1682; x_wconf 91' lang='lat' dir='ltr'>librarum</span> <span class='ocrx_word' id='word_1_75' title='bbox 849 1619 1094 1701; x_wconf 84' lang='lat' dir='ltr'>sterlingorum</span> <span class='ocrx_word' id='word_1_76' title='bbox 1134 1636 1197 1700; x_wconf 95' lang='lat' dir='ltr'>pro</span> <span class='ocrx_word' id='word_1_77' title='bbox 1238 1635 1325 1698; x_wconf 79' lang='lat' dir='ltr'>pace</span> 
     </span>
     <span class='ocr_line' id='line_1_13' title="bbox 369 1716 1323 1800; baseline 0.001 -21"><span class='ocrx_word' id='word_1_78' title='bbox 369 1717 527 1781; x_wconf 90' lang='lat' dir='ltr'>habenda</span> <span class='ocrx_word' id='word_1_79' title='bbox 549 1717 622 1798; x_wconf 89' lang='lat' dir='ltr'>regi</span> <span class='ocrx_word' id='word_1_80' title='bbox 639 1718 834 1781; x_wconf 87' lang='lat' dir='ltr'>concessit:</span> <span class='ocrx_word' id='word_1_81' title='bbox 858 1718 977 1800; x_wconf 87' lang='lat' dir='ltr'>sicque</span> <span class='ocrx_word' id='word_1_82' title='bbox 999 1716 1250 1781; x_wconf 86' lang='lat' dir='ltr'>interveniente</span> <span class='ocrx_word' id='word_1_83' title='bbox 1274 1716 1323 1780; x_wconf 90' lang='lat' dir='ltr'>le·</span> 
     </span>
     <span class='ocr_line' id='line_1_14' title="bbox 369 1816 1323 1900; baseline 0 -20"><span class='ocrx_word' id='word_1_84' title='bbox 369 1826 453 1898; x_wconf 84' lang='lat' dir='ltr'>gato</span> <span class='ocrx_word' id='word_1_85' title='bbox 476 1817 637 1882; x_wconf 86' lang='lat' dir='ltr'>restituta</span> <span class='ocrx_word' id='word_1_86' title='bbox 658 1824 711 1880; x_wconf 91' lang='lat' dir='ltr'>est</span> <span class='ocrx_word' id='word_1_87' title='bbox 732 1817 878 1899; x_wconf 86' lang='lat' dir='ltr'>principi</span> <span class='ocrx_word' id='word_1_88' title='bbox 901 1824 993 1881; x_wconf 86' lang='lat' dir='ltr'>terra</span> <span class='ocrx_word' id='word_1_89' title='bbox 1019 1823 1170 1900; x_wconf 89' lang='lat' dir='ltr'>quatuor</span> <span class='ocrx_word' id='word_1_90' title='bbox 1188 1816 1323 1880; x_wconf 81' lang='lat' dir='ltr'>cantra¹</span> 
     </span>
     <span class='ocr_line' id='line_1_15' title="bbox 368 1907 1323 2001; baseline 0.001 -23"><span class='ocrx_word' id='word_1_91' title='bbox 368 1916 502 1993; x_wconf 89' lang='lat' dir='ltr'>dorum,</span> <span class='ocrx_word' id='word_1_92' title='bbox 518 1935 620 1998; x_wconf 90' lang='lat' dir='ltr'>quam</span> <span class='ocrx_word' id='word_1_93' title='bbox 640 1935 702 1980; x_wconf 87' lang='lat' dir='ltr'>rex</span> <span class='ocrx_word' id='word_1_94' title='bbox 724 1915 916 1980; x_wconf 86' lang='lat' dir='ltr'>abstulerat</span> <span class='ocrx_word' id='word_1_95' title='bbox 933 1916 965 1980; x_wconf 91' lang='lat' dir='ltr'>ei</span> <span class='ocrx_word' id='word_1_96' title='bbox 982 1917 1063 2001; x_wconf 89' lang='lat' dir='ltr'>jure</span> <span class='ocrx_word' id='word_1_97' title='bbox 1084 1914 1176 1979; x_wconf 87' lang='lat' dir='ltr'>belli.</span> <span class='ocrx_word' id='word_1_98' title='bbox 1227 1907 1323 1979; x_wconf 73' lang='lat' dir='ltr'>³Sol-</span> 
     </span>
     <span class='ocr_line' id='line_1_16' title="bbox 368 2012 1322 2097; baseline 0 -20"><span class='ocrx_word' id='word_1_99' title='bbox 368 2015 479 2080; x_wconf 87' lang='lat' dir='ltr'>danus</span> <span class='ocrx_word' id='word_1_100' title='bbox 503 2015 718 2097; x_wconf 87' lang='lat' dir='ltr'>Babyloniae,</span> <span class='ocrx_word' id='word_1_101' title='bbox 741 2023 882 2079; x_wconf 84' lang='lat' dir='ltr'>vastata</span> <span class='ocrx_word' id='word_1_102' title='bbox 906 2015 1083 2092; x_wconf 86' lang='lat' dir='ltr'>Armenia,</span> <span class='ocrx_word' id='word_1_103' title='bbox 1099 2012 1322 2079; x_wconf 87' lang='lat' dir='ltr'>Antiochiam</span> 
     </span>
     <span class='ocr_line' id='line_1_17' title="bbox 370 2113 1323 2184; baseline -0.001 -5"><span class='ocrx_word' id='word_1_104' title='bbox 370 2135 475 2179; x_wconf 86' lang='lat' dir='ltr'>unam</span> <span class='ocrx_word' id='word_1_105' title='bbox 499 2115 541 2184; x_wconf 86' lang='lat' dir='ltr'>de</span> <span class='ocrx_word' id='word_1_106' title='bbox 570 2114 810 2178; x_wconf 82' lang='lat' dir='ltr'>famosioribus</span> <span class='ocrx_word' id='word_1_107' title='bbox 831 2114 1030 2179; x_wconf 81' lang='lat' dir='ltr'>civitatibus</span> <span class='ocrx_word' id='word_1_108' title='bbox 1056 2113 1150 2178; x_wconf 89' lang='lat' dir='ltr'>orbis</span> <span class='ocrx_word' id='word_1_109' title='bbox 1176 2113 1323 2178; x_wconf 83' lang='lat' dir='ltr'>abstulit</span> 
     </span>
     <span class='ocr_line' id='line_1_18' title="bbox 370 2213 1323 2296; baseline -0.003 -17"><span class='ocrx_word' id='word_1_110' title='bbox 370 2214 588 2291; x_wconf 86' lang='lat' dir='ltr'>Christianis,</span> <span class='ocrx_word' id='word_1_111' title='bbox 603 2221 638 2277; x_wconf 89' lang='lat' dir='ltr'>et</span> <span class='ocrx_word' id='word_1_112' title='bbox 656 2223 726 2278; x_wconf 88' lang='lat' dir='ltr'>tam</span> <span class='ocrx_word' id='word_1_113' title='bbox 741 2213 824 2277; x_wconf 83' lang='lat' dir='ltr'>viria</span> <span class='ocrx_word' id='word_1_114' title='bbox 847 2232 951 2296; x_wconf 90' lang='lat' dir='ltr'>quam</span> <span class='ocrx_word' id='word_1_115' title='bbox 974 2213 1174 2278; x_wconf 86' lang='lat' dir='ltr'>mulieribus</span> <span class='ocrx_word' id='word_1_116' title='bbox 1197 2213 1323 2276; x_wconf 88' lang='lat' dir='ltr'>occisis</span> 
     </span>
     <span class='ocr_line' id='line_1_19' title="bbox 369 2306 1325 2397; baseline 0 -21"><span class='ocrx_word' id='word_1_117' title='bbox 369 2322 404 2378; x_wconf 89' lang='lat' dir='ltr'>et</span> <span class='ocrx_word' id='word_1_118' title='bbox 422 2315 546 2397; x_wconf 88' lang='lat' dir='ltr'>captis,</span> <span class='ocrx_word' id='word_1_119' title='bbox 569 2313 604 2376; x_wconf 94' lang='lat' dir='ltr'>in</span> <span class='ocrx_word' id='word_1_120' title='bbox 633 2312 853 2377; x_wconf 86' lang='lat' dir='ltr'>solitudinem</span> <span class='ocrx_word' id='word_1_121' title='bbox 872 2306 1002 2396; x_wconf 73' lang='lat' dir='ltr'>*ipsam</span> <span class='ocrx_word' id='word_1_122' title='bbox 1028 2312 1172 2394; x_wconf 86' lang='lat' dir='ltr'>redegit.</span> <span class='ocrx_word' id='word_1_123' title='bbox 1226 2311 1325 2376; x_wconf 88' lang='lat' dir='ltr'>Obiit</span> 
     </span>
     <span class='ocr_line' id='line_1_20' title="bbox 368 2410 1324 2495; baseline -0.002 -18"><span class='ocrx_word' id='word_1_124' title='bbox 368 2412 392 2477; x_wconf 82' lang='lat' dir='ltr'>J</span> <span class='ocrx_word' id='word_1_125' title='bbox 396 2432 526 2477; x_wconf 88' lang='lat' dir='ltr'>oannes</span> <span class='ocrx_word' id='word_1_126' title='bbox 561 2410 735 2490; x_wconf 87' lang='lat' dir='ltr'>Gervasii,</span> <span class='ocrx_word' id='word_1_127' title='bbox 768 2411 1018 2477; x_wconf 83' lang='lat' dir='ltr'>wintoniensis</span> <span class='ocrx_word' id='word_1_128' title='bbox 1057 2412 1254 2495; x_wconf 88' lang='lat' dir='ltr'>episcopus,</span> <span class='ocrx_word' id='word_1_129' title='bbox 1289 2417 1324 2476; x_wconf 85' lang='lat' dir='ltr'>et</span> 
     </span>
     <span class='ocr_line' id='line_1_21' title="bbox 370 2511 711 2595; baseline -0.006 -19"><span class='ocrx_word' id='word_1_130' title='bbox 370 2512 519 2576; x_wconf 89' lang='lat' dir='ltr'>Viterbii</span> <span class='ocrx_word' id='word_1_131' title='bbox 535 2511 711 2595; x_wconf 87' lang='lat' dir='ltr'>sepelitur.</span> 
     </span>
    </p>
   </div>
   <div class='ocr_carea' id='block_1_3' title="bbox 397 2722 1298 2760">
    <p class='ocr_par' dir='ltr' id='par_1_4' title="bbox 397 2722 1298 2760">
     <span class='ocr_line' id='line_1_22' title="bbox 397 2722 1298 2760; baseline 0.003 -3"><span class='ocrx_word' id='word_1_132' title='bbox 397 2723 424 2759; x_wconf 85' lang='lat' dir='ltr'>D.</span> <span class='ocrx_word' id='word_1_133' title='bbox 436 2724 460 2758; x_wconf 81' lang='lat' dir='ltr'>ll.</span> <span class='ocrx_word' id='word_1_134' title='bbox 472 2725 492 2759; x_wconf 80' lang='lat' dir='ltr'>J.</span> <span class='ocrx_word' id='word_1_135' title='bbox 503 2725 527 2760; x_wconf 84' lang='lat'>0.</span> <span class='ocrx_word' id='word_1_136' title='bbox 631 2723 653 2758; x_wconf 81' lang='grc' dir='ltr'>Ρ.</span> <span class='ocrx_word' id='word_1_137' title='bbox 665 2722 829 2757; x_wconf 75' lang='lat' dir='ltr'>ROMANORUM</span> <span class='ocrx_word' id='word_1_138' title='bbox 842 2723 867 2757; x_wconf 82' lang='lat' dir='ltr'>lt.</span> <span class='ocrx_word' id='word_1_139' title='bbox 965 2722 1120 2759; x_wconf 69' lang='lat' dir='ltr'>FRANOORUH</span> <span class='ocrx_word' id='word_1_140' title='bbox 1157 2722 1298 2760; x_wconf 68' lang='lat' dir='ltr'>luemus!</span> 
     </span>
    </p>
   </div>
   <div class='ocr_carea' id='block_1_4' title="bbox 396 2808 1306 2918">
    <p class='ocr_par' dir='ltr' id='par_1_5' title="bbox 396 2808 1306 2918">
     <span class='ocr_line' id='line_1_23' title="bbox 396 2808 1306 2848; baseline 0.005 -6"><span class='ocrx_word' id='word_1_141' title='bbox 396 2808 533 2845; x_wconf 78' lang='lat' dir='ltr'>mocnxvllt.</span> <span class='ocrx_word' id='word_1_142' title='bbox 575 2809 758 2847; x_wconf 75' lang='lat' dir='ltr'>cnemsumsw.</span> <span class='ocrx_word' id='word_1_143' title='bbox 814 2809 918 2845; x_wconf 74' lang='lat' dir='ltr'>niolam</span> <span class='ocrx_word' id='word_1_144' title='bbox 965 2810 1080 2846; x_wconf 56' lang='lat' dir='ltr'>1101)onOE</span> <span class='ocrx_word' id='word_1_145' title='bbox 1092 2809 1130 2848; x_wconf 85' lang='lat' dir='ltr'>1x.</span> <span class='ocrx_word' id='word_1_146' title='bbox 1151 2810 1255 2847; x_wconf 72' lang='lat' dir='ltr'>unum</span> <span class='ocrx_word' id='word_1_147' title='bbox 1266 2811 1306 2848; x_wconf 83' lang='lat'>111.</span> 
     </span>
     <span class='ocr_line' id='line_1_24' title="bbox 1212 2871 1254 2918; baseline 0.071 -3"><span class='ocrx_word' id='word_1_148' title='bbox 1212 2871 1254 2918; x_wconf 75' lang='lat'>⁵2.</span> 
     </span>
    </p>
   </div>
   <div class='ocr_carea' id='block_1_5' title="bbox 172 3002 1323 3983">
    <p class='ocr_par' dir='ltr' id='par_1_6' title="bbox 420 3002 1323 3087">
     <span class='ocr_line' id='line_1_25' title="bbox 420 3002 1323 3087; baseline 0.003 -20"><span class='ocrx_word' id='word_1_149' title='bbox 420 3002 641 3070; x_wconf 76' lang='lat' dir='ltr'>Orrononus</span> <span class='ocrx_word' id='word_1_150' title='bbox 663 3007 811 3087; x_wconf 86' lang='lat' dir='ltr'>legatus,</span> <span class='ocrx_word' id='word_1_151' title='bbox 830 3006 1020 3071; x_wconf 87' lang='lat' dir='ltr'>Londouiis</span> <span class='ocrx_word' id='word_1_152' title='bbox 1035 3025 1231 3072; x_wconf 88' lang='lat' dir='ltr'>convocans</span> <span class='ocrx_word' id='word_1_153' title='bbox 1244 3025 1323 3072; x_wconf 92' lang='lat' dir='ltr'>con-</span> 
     </span>
    </p>

    <p class='ocr_par' dir='ltr' id='par_1_7' title="bbox 238 3099 1322 3288">
     <span class='ocr_line' id='line_1_26' title="bbox 238 3099 1322 3181; baseline 0.005 -16"><span class='ocrx_word' id='word_1_154' title='bbox 238 3099 252 3127; x_wconf 85' lang='lat'>¹¹</span> <span class='ocrx_word' id='word_1_155' title='bbox 267 3100 301 3129; x_wconf 82' lang='lat'>⁰⁰·</span> <span class='ocrx_word' id='word_1_156' title='bbox 370 3104 498 3181; x_wconf 89' lang='lat' dir='ltr'>cilium,</span> <span class='ocrx_word' id='word_1_157' title='bbox 530 3105 639 3169; x_wconf 91' lang='lat' dir='ltr'>multa</span> <span class='ocrx_word' id='word_1_158' title='bbox 669 3107 793 3170; x_wconf 89' lang='lat' dir='ltr'>statuit</span> <span class='ocrx_word' id='word_1_159' title='bbox 821 3106 864 3169; x_wconf 89' lang='lat' dir='ltr'>ad</span> <span class='ocrx_word' id='word_1_160' title='bbox 900 3105 1179 3170; x_wconf 81' lang='lat' dir='ltr'>reformationem</span> <span class='ocrx_word' id='word_1_161' title='bbox 1209 3113 1322 3170; x_wconf 89' lang='lat' dir='ltr'>status</span> 
     </span>
     <span class='ocr_line' id='line_1_27' title="bbox 369 3203 1322 3288; baseline 0.004 -22"><span class='ocrx_word' id='word_1_162' title='bbox 369 3203 523 3267; x_wconf 71' lang='lat' dir='ltr'>ecclcsiae</span> <span class='ocrx_word' id='word_1_163' title='bbox 549 3203 763 3286; x_wconf 82' lang='lat' dir='ltr'>Anglicanae.</span> <span class='ocrx_word' id='word_1_164' title='bbox 816 3204 898 3269; x_wconf 94' lang='lat' dir='ltr'>Non</span> <span class='ocrx_word' id='word_1_165' title='bbox 930 3205 1077 3269; x_wconf 88' lang='lat' dir='ltr'>multum</span> <span class='ocrx_word' id='word_1_166' title='bbox 1113 3225 1195 3270; x_wconf 84' lang='lat' dir='ltr'>vero</span> <span class='ocrx_word' id='word_1_167' title='bbox 1232 3213 1322 3288; x_wconf 88' lang='lat' dir='ltr'>post,</span> 
     </span>
    </p>

    <p class='ocr_par' dir='ltr' id='par_1_8' title="bbox 370 3303 1322 3388">
     <span class='ocr_line' id='line_1_28' title="bbox 370 3303 1322 3388; baseline 0.001 -21"><span class='ocrx_word' id='word_1_168' title='bbox 370 3323 470 3367; x_wconf 89' lang='lat' dir='ltr'>cruce</span> <span class='ocrx_word' id='word_1_169' title='bbox 493 3304 640 3384; x_wconf 86' lang='lat' dir='ltr'>signatis</span> <span class='ocrx_word' id='word_1_170' title='bbox 663 3303 754 3385; x_wconf 92' lang='lat' dir='ltr'>apud</span> <span class='ocrx_word' id='word_1_171' title='bbox 778 3303 1106 3386; x_wconf 88' lang='lat' dir='ltr'>Nortbamptoniam</span> <span class='ocrx_word' id='word_1_172' title='bbox 1129 3304 1209 3368; x_wconf 86' lang='lat' dir='ltr'>liliis</span> <span class='ocrx_word' id='word_1_173' title='bbox 1231 3307 1322 3388; x_wconf 90' lang='lat' dir='ltr'>regis</span> 
     </span>
    </p>

    <p class='ocr_par' dir='ltr' id='par_1_9' title="bbox 370 3402 1321 3481">
     <span class='ocr_line' id='line_1_29' title="bbox 370 3402 1321 3481; baseline 0.002 -15"><span class='ocrx_word' id='word_1_174' title='bbox 370 3402 542 3466; x_wconf 91' lang='lat' dir='ltr'>Edwardo</span> <span class='ocrx_word' id='word_1_175' title='bbox 573 3412 608 3467; x_wconf 90' lang='lat' dir='ltr'>et</span> <span class='ocrx_word' id='word_1_176' title='bbox 637 3402 854 3479; x_wconf 83' lang='lat' dir='ltr'>Eadmundo,</span> <span class='ocrx_word' id='word_1_177' title='bbox 886 3422 927 3467; x_wconf 89' lang='lat' dir='ltr'>ac</span> <span class='ocrx_word' id='word_1_178' title='bbox 956 3405 1082 3468; x_wconf 87' lang='lat' dir='ltr'>comite</span> <span class='ocrx_word' id='word_1_179' title='bbox 1110 3402 1321 3481; x_wconf 82' lang='lat' dir='ltr'>Gloveruiae,</span> 
     </span>
    </p>

    <p class='ocr_par' dir='ltr' id='par_1_10' title="bbox 370 3502 1321 3568">
     <span class='ocr_line' id='line_1_30' title="bbox 370 3502 1321 3568; baseline 0.004 -5"><span class='ocrx_word' id='word_1_180' title='bbox 370 3521 447 3564; x_wconf 90' lang='lat' dir='ltr'>cum</span> <span class='ocrx_word' id='word_1_181' title='bbox 480 3502 598 3565; x_wconf 91' lang='lat' dir='ltr'>multis</span> <span class='ocrx_word' id='word_1_182' title='bbox 629 3503 801 3566; x_wconf 90' lang='lat' dir='ltr'>nobilibus</span> <span class='ocrx_word' id='word_1_183' title='bbox 830 3502 874 3565; x_wconf 94' lang='lat' dir='ltr'>ad</span> <span class='ocrx_word' id='word_1_184' title='bbox 909 3503 1038 3566; x_wconf 89' lang='lat' dir='ltr'>curiam</span> <span class='ocrx_word' id='word_1_185' title='bbox 1069 3509 1123 3567; x_wconf 87' lang='lat' dir='ltr'>est</span> <span class='ocrx_word' id='word_1_186' title='bbox 1152 3523 1321 3568; x_wconf 87' lang='lat' dir='ltr'>reversus.</span> 
     </span>
    </p>

    <p class='ocr_par' dir='ltr' id='par_1_11' title="bbox 226 3600 1321 3785">
     <span class='ocr_line' id='line_1_31' title="bbox 242 3600 1321 3686; baseline 0.004 -24"><span class='ocrx_word' id='word_1_187' title='bbox 242 3642 274 3670; x_wconf 63' lang='lat'>„2</span> <span class='ocrx_word' id='word_1_188' title='bbox 371 3600 562 3664; x_wconf 86' lang='lat' dir='ltr'>Edwardus</span> <span class='ocrx_word' id='word_1_189' title='bbox 590 3602 624 3665; x_wconf 91' lang='lat' dir='ltr'>S.</span> <span class='ocrx_word' id='word_1_190' title='bbox 650 3601 826 3665; x_wconf 84' lang='lat' dir='ltr'>Lodovico</span> <span class='ocrx_word' id='word_1_191' title='bbox 856 3602 1068 3665; x_wconf 89' lang='lat' dir='ltr'>Francorum</span> <span class='ocrx_word' id='word_1_192' title='bbox 1094 3602 1170 3684; x_wconf 84' lang='lat' dir='ltr'>regi</span> <span class='ocrx_word' id='word_1_193' title='bbox 1200 3603 1321 3686; x_wconf 86' lang='lat' dir='ltr'>impig-</span> 
     </span>
     <span class='ocr_line' id='line_1_32' title="bbox 226 3693 1321 3785; baseline 0.005 -25"><span class='ocrx_word' id='word_1_194' title='bbox 226 3693 291 3771; x_wconf 42' lang='grc' dir='ltr'>αξξ</span> <span class='ocrx_word' id='word_1_195' title='bbox 371 3709 471 3763; x_wconf 89' lang='lat' dir='ltr'>norat</span> <span class='ocrx_word' id='word_1_196' title='bbox 487 3699 710 3778; x_wconf 91' lang='lat' dir='ltr'>Vasconiam,</span> <span class='ocrx_word' id='word_1_197' title='bbox 733 3702 906 3784; x_wconf 89' lang='lat' dir='ltr'>accipiens</span> <span class='ocrx_word' id='word_1_198' title='bbox 928 3703 973 3765; x_wconf 91' lang='lat' dir='ltr'>ab</span> <span class='ocrx_word' id='word_1_199' title='bbox 989 3721 1031 3764; x_wconf 91' lang='lat' dir='ltr'>eo</span> <span class='ocrx_word' id='word_1_200' title='bbox 1058 3702 1239 3785; x_wconf 88' lang='lat' dir='ltr'>pecuniam</span> <span class='ocrx_word' id='word_1_201' title='bbox 1263 3721 1321 3766; x_wconf 93' lang='lat' dir='ltr'>ue·</span> 
     </span>
    </p>

    <p class='ocr_par' dir='ltr' id='par_1_12' title="bbox 172 3800 1321 3983">
     <span class='ocr_line' id='line_1_33' title="bbox 172 3800 1321 3884; baseline 0.004 -23"><span class='ocrx_word' id='word_1_202' title='bbox 172 3821 190 3845; x_wconf 90' lang='lat'><strong>·</strong></span> <span class='ocrx_word' id='word_1_203' title='bbox 231 3842 265 3870; x_wconf 65' lang='lat' dir='ltr'>n,</span> <span class='ocrx_word' id='word_1_204' title='bbox 370 3801 554 3862; x_wconf 88' lang='lat' dir='ltr'>cessariam</span> <span class='ocrx_word' id='word_1_205' title='bbox 588 3820 649 3881; x_wconf 91' lang='lat' dir='ltr'>pro</span> <span class='ocrx_word' id='word_1_206' title='bbox 680 3801 802 3864; x_wconf 89' lang='lat' dir='ltr'>itinere</span> <span class='ocrx_word' id='word_1_207' title='bbox 835 3801 954 3864; x_wconf 83' lang='lat' dir='ltr'>Terrae</span> <span class='ocrx_word' id='word_1_208' title='bbox 984 3800 1136 3865; x_wconf 85' lang='lat' dir='ltr'>Sanctae.</span> <span class='ocrx_word' id='word_1_209' title='bbox 1188 3800 1321 3884; x_wconf 86' lang='lat' dir='ltr'>Corpus</span> 
     </span>
     <span class='ocr_line' id='line_1_34' title="bbox 369 3898 1321 3983; baseline 0.002 -21"><span class='ocrx_word' id='word_1_210' title='bbox 369 3899 462 3963; x_wconf 88' lang='lat' dir='ltr'>beati</span> <span class='ocrx_word' id='word_1_211' title='bbox 481 3899 642 3962; x_wconf 89' lang='lat' dir='ltr'>Edwardi</span> <span class='ocrx_word' id='word_1_212' title='bbox 661 3900 752 3980; x_wconf 89' lang='lat' dir='ltr'>regis</span> <span class='ocrx_word' id='word_1_213' title='bbox 774 3908 810 3964; x_wconf 93' lang='lat' dir='ltr'>et</span> <span class='ocrx_word' id='word_1_214' title='bbox 827 3898 1045 3976; x_wconf 82' lang='lat' dir='ltr'>confessoris,</span> <span class='ocrx_word' id='word_1_215' title='bbox 1067 3901 1221 3965; x_wconf 87' lang='lat' dir='ltr'>instante</span> <span class='ocrx_word' id='word_1_216' title='bbox 1242 3920 1321 3983; x_wconf 84' lang='lat' dir='ltr'>rege</span> 
     </span>
    </p>
   </div>
   <div class='ocr_carea' id='block_1_6' title="bbox 368 4045 1321 4321">
    <p class='ocr_par' dir='ltr' id='par_1_13' title="bbox 368 4045 1321 4252">
     <span class='ocr_line' id='line_1_35' title="bbox 406 4045 1321 4116; baseline 0.004 -17"><span class='ocrx_word' id='word_1_217' title='bbox 406 4045 553 4100; x_wconf 78' lang='lat' dir='ltr'>&#39;‘foverat&#39;</span> <span class='ocrx_word' id='word_1_218' title='bbox 571 4052 593 4098; x_wconf 88' lang='lat' dir='ltr'>is</span> <span class='ocrx_word' id='word_1_219' title='bbox 610 4051 672 4099; x_wconf 80' lang='lat' dir='ltr'>from</span> <span class='ocrx_word' id='word_1_220' title='bbox 691 4053 730 4101; x_wconf 87' lang='lat' dir='ltr'>M.</span> <span class='ocrx_word' id='word_1_221' title='bbox 769 4053 828 4101; x_wconf 83' lang='lat' dir='ltr'>Cod.</span> <span class='ocrx_word' id='word_1_222' title='bbox 893 4049 1262 4116; x_wconf 78' lang='lat' dir='ltr'>&#39;‘SoudandeBebiloyue;&#39;</span> <span class='ocrx_word' id='word_1_223' title='bbox 1281 4054 1321 4103; x_wconf 78' lang='lat' dir='ltr'>l&#39;r.</span> 
     </span>
     <span class='ocr_line' id='line_1_36' title="bbox 370 4117 900 4182; baseline 0.004 -13"><span class='ocrx_word' id='word_1_224' title='bbox 370 4122 434 4182; x_wconf 77' lang='lat' dir='ltr'>Reg.</span> <span class='ocrx_word' id='word_1_225' title='bbox 454 4121 500 4169; x_wconf 87' lang='lat' dir='ltr'>bas</span> <span class='ocrx_word' id='word_1_226' title='bbox 523 4117 652 4182; x_wconf 81' lang='lat' dir='ltr'>‘laverat,’</span> <span class='ocrx_word' id='word_1_227' title='bbox 673 4121 719 4170; x_wconf 90' lang='lat' dir='ltr'>but</span> <span class='ocrx_word' id='word_1_228' title='bbox 738 4122 832 4170; x_wconf 83' lang='lat' dir='ltr'>retains</span> <span class='ocrx_word' id='word_1_229' title='bbox 857 4123 900 4171; x_wconf 88' lang='lat' dir='ltr'>Tr.</span> 
     </span>
     <span class='ocr_line' id='line_1_37' title="bbox 368 4186 1083 4252; baseline 0.003 -14"><span class='ocrx_word' id='word_1_230' title='bbox 368 4193 375 4216; x_wconf 82' lang='lat'>⁸</span> <span class='ocrx_word' id='word_1_231' title='bbox 387 4187 492 4250; x_wconf 86' lang='lat' dir='ltr'>partem&#39;</span> <span class='ocrx_word' id='word_1_232' title='bbox 505 4191 604 4240; x_wconf 83' lang='lat' dir='ltr'>instead</span> <span class='ocrx_word' id='word_1_233' title='bbox 616 4190 645 4238; x_wconf 80' lang='lat' dir='ltr'>oi</span> <span class='ocrx_word' id='word_1_234' title='bbox 653 4191 661 4218; x_wconf 91' lang='lat'>‘</span> <span class='ocrx_word' id='word_1_235' title='bbox 670 4186 754 4252; x_wconf 61' lang='lat' dir='ltr'>parti?</span> <span class='ocrx_word' id='word_1_236' title='bbox 893 4189 902 4218; x_wconf 83' lang='lat'><strong>⁴</strong></span> <span class='ocrx_word' id='word_1_237' title='bbox 919 4191 1006 4240; x_wconf 81' lang='lat' dir='ltr'>‘illam</span> <span class='ocrx_word' id='word_1_238' title='bbox 1016 4186 1032 4251; x_wconf 76' lang='grc' dir='ltr'>ς’</span> <span class='ocrx_word' id='word_1_239' title='bbox 1045 4191 1083 4241; x_wconf 79' lang='grc' dir='ltr'>Μ.</span> 
     </span>
    </p>

    <p class='ocr_par' dir='ltr' id='par_1_14' title="bbox 403 4255 785 4321">
     <span class='ocr_line' id='line_1_38' title="bbox 403 4255 785 4321; baseline 0.01 -15"><span class='ocrx_word' id='word_1_240' title='bbox 403 4259 413 4285; x_wconf 86' lang='lat'><strong>¹</strong></span> <span class='ocrx_word' id='word_1_241' title='bbox 429 4262 436 4286; x_wconf 90' lang='lat'>‘</span> <span class='ocrx_word' id='word_1_242' title='bbox 446 4261 549 4321; x_wconf 83' lang='lat' dir='ltr'>triginta</span> <span class='ocrx_word' id='word_1_243' title='bbox 559 4260 611 4309; x_wconf 92' lang='lat' dir='ltr'>dno</span> <span class='ocrx_word' id='word_1_244' title='bbox 622 4261 701 4310; x_wconf 86' lang='lat' dir='ltr'>millia</span> <span class='ocrx_word' id='word_1_245' title='bbox 710 4255 725 4321; x_wconf 85' lang='lat'>;&#39;</span> <span class='ocrx_word' id='word_1_246' title='bbox 738 4260 785 4310; x_wconf 78' lang='lat' dir='ltr'>Ar.</span> 
     </span>
    </p>
   </div>
   <div class='ocr_carea' id='block_1_7' title="bbox 0 0 1475 4950">
    <p class='ocr_par' dir='ltr' id='par_1_15' title="bbox 0 0 1475 4950">
     <span class='ocr_line' id='line_1_39' title="bbox 0 0 1475 4950; baseline 0 0"><span class='ocrx_word' id='word_1_247' title='bbox 0 0 1475 4950; x_wconf 95' lang='lat' dir='ltr'> </span> 
     </span>
    </p>
   </div>
  </div>
 </body>
</html>
