2940 4950
334 431 400 496 att
697 445 770 492 nro.
789 444 936 492 rnrvsrr

175 605 501 712 rrpuorpffeoerant,
521 604 639 669 villam
657 603 853 687 occupavit,
872 603 974 668 unico
994 610 1130 667 tantum
1151 603 1194 666 de
1218 603 1287 665 suis

175 677 197 712 ⁸⁸
238 683 309 713 ‘w'
338 704 503 769 militibus
533 704 727 768 interfecto.
796 703 1011 767 Mercatores
1051 703 1143 766 enim
1185 702 1288 766 Flan-

339 804 491 881 drenses,
514 805 574 886 qui
601 803 741 867 invilla
765 803 883 867 eadem
913 803 1052 867 domum
1078 801 1122 866 ad
1151 802 1289 866 modum

339 905 443 968 turris
476 904 699 967 fortissimam
738 902 924 980 habebant,
956 902 1076 986 jacula
1112 903 1289 967 mittentes

339 1004 375 1065 in
408 1002 576 1086 Anglicos
608 1011 644 1067 et
682 1003 766 1085 pila,
800 1002 989 1067 Ricardum
1023 1002 1067 1065 de
1101 1000 1288 1079 Coruubia,

339 1103 481 1168 militem
508 1096 715 1180 ¹strenuum,
743 1123 766 1167 a
793 1121 876 1166 casu
909 1101 1043 1185 spiculo
1068 1103 1288 1186 trajecerunt.
1344 1162 1349 1170 .

339 1201 396 1266 Ad
427 1221 514 1286 quos
547 1222 625 1266 oum
658 1221 728 1266 nou
755 1203 798 1266 de
827 1201 920 1266 sacili
951 1208 1087 1285 pateret
1118 1220 1289 1278 accessus,

340 1302 449 1366 allato
468 1303 558 1384 igue,
580 1302 739 1366 incendio
762 1301 986 1366 suffocantur.
1033 1300 1164 1364 Eadem
1188 1308 1289 1366 nocte

341 1402 502 1466 dormivit
531 1420 593 1465 rex
624 1400 660 1464 in
692 1409 818 1478 castro,
850 1401 942 1484 quod
970 1399 1142 1464 redditum
1165 1409 1220 1464 est
1249 1403 1288 1477 ei,

341 1502 448 1565 salvis
476 1502 549 1566 vita
575 1510 610 1565 et
633 1501 794 1564 membris
817 1502 861 1565 iis
892 1501 952 1584 qui
980 1501 1018 1564 iu
1041 1520 1083 1564 eo
1115 1509 1228 1578 erant,
1256 1511 1291 1565 et

340 1601 497 1683 praestito
523 1602 721 1685 juramento
748 1600 840 1683 qnod
862 1607 983 1665 contra
1007 1620 1124 1682 regem
1151 1601 1289 1684 Angliae

340 1719 438 1764 arma
470 1700 513 1764 de
539 1710 654 1766 cetero
683 1720 752 1765 nou
780 1708 979 1783 portarent;
1010 1720 1200 1782 omnesque
1222 1722 1289 1785 quo

341 1799 504 1864 volebant
530 1801 626 1865 abire
645 1802 903 1883 permittuntur,
921 1808 1067 1883 excepto
1089 1820 1210 1865 eorum
1233 1821 1289 1867 ca·

340 1899 480 1981 pitaueo
496 1899 673 1964 Willelmo
693 1900 840 1982 Duglas‚
861 1921 961 1983 quem
982 1919 1092 1982 usque
1119 1901 1165 1964 ad
1188 1903 1288 1967 finem

341 2019 477 2080 guerrae
508 2020 571 2064 rex
602 2020 718 2064 secum
747 2001 897 2064 retinuit.
950 2000 1044 2065 Dum
1078 2009 1196 2065 autem
1228 2023 1289 2067 rex

341 2099 457 2163 villam
495 2099 664 2164 Berewici
696 2120 787 2164 novo
827 2101 958 2165 fossato
1001 2100 1164 2179 muniret,
1198 2104 1289 2169 circa

340 2200 535 2281 ingressum
557 2201 684 2263 mensis
706 2199 837 2283 Aprilis
859 2207 1025 2264 venerunt
1046 2200 1190 2266 adeum
1213 2223 1289 2285 gar-

339 2299 464 2363 dianus
485 2306 520 2364 et
536 2300 645 2365 lector
667 2300 810 2364 fratrum
833 2300 1008 2364 Minorum
1026 2298 1068 2364 de
1087 2300 1288 2367 Bokesbur·

340 2393 423 2480 gia‚²
459 2400 650 2464 deferentes
681 2390 815 2464 litteras
847 2399 870 2462 J
873 2401 994 2464 oannis
1025 2401 1119 2481 regis
1150 2401 1289 2483 Sentiat,

340 2510 492 2562 tenorem
508 2499 704 2583 hujusmodi
722 2499 957 2564 continentes:

177 2611 233 2650 John
392 2592 620 2680 ‘Magnifico⁸
651 2599 796 2681 principi
824 2598 962 2663 domino
996 2599 1184 2680 Edwardo,
1217 2604 1286 2668 Dru

176 2659 263 2700 Ballol's

176 2711 270 2800 1333
339 2698 453 2778 gratia
468 2699 541 2779 regi
557 2697 707 2780 Angliae‚
721 2698 744 2761 J
748 2718 877 2763 oannes
895 2699 1013 2763 eadem
1032 2703 1147 2781 gratia
1163 2702 1288 2768 Scotiae

175 2811 306 2910 ppffippr
340 2817 413 2862 rex.
473 2797 559 2861 Cum
584 2818 645 2862 vos
674 2817 716 2862 ac
748 2798 798 2861 illi
822 2798 864 2863 de
895 2819 1001 2880 regno
1028 2809 1159 2879 vestro,
1189 2804 1287 2868 vobis

175 2921 234 2950 anee-
338 2917 408 2960 nou
434 2898 687 2979 ignorantibus
714 2893 769 2963 vel
793 2901 951 2980 ignorare
976 2920 1044 2963 nou
1070 2901 1287 2982 debentibus,

340 3016 402 3078 per
417 2991 624 3061 ⁴violentam
645 2998 848 3080 potentiam,
871 2999 970 3063 nobis
994 3019 1035 3063 ac
1053 3003 1152 3083 regni
1177 3007 1285 3077 nostri

337 3097 459 3160 incolis
481 3117 617 3180 graves,
642 3098 746 3162 immo
767 3098 999 3164 intolerabiles
1022 3100 1179 3183 iujurias,
1206 3124 1285 3168 con-

337 3204 501 3279 temptus
522 3205 557 3260 et
572 3198 786 3278 gravamina,
804 3218 868 3261 nec
884 3219 952 3262 non
977 3207 1013 3263 et
1037 3200 1166 3265 damna
1189 3225 1286 3269 enor-

336 3297 406 3360 mia
436 3303 557 3360 contra
589 3305 726 3360 nostras
762 3305 798 3361 et
830 3300 924 3380 regni
951 3301 1061 3362 nostri
1094 3300 1283 3381 libertates,

335 3417 377 3460 ac
395 3405 516 3461 contra
538 3396 650 3460 Dauni
672 3406 707 3461 et
723 3397 897 3481 justitiam
920 3400 1053 3463 notorie
1070 3409 1106 3463 et
1125 3400 1284 3485 frequen·

368 3604 376 3635 ¹
394 3607 516 3655 ‘nobilem
525 3601 540 3665 ;‘
553 3607 591 3655 Μ.
822 3612 898 3657 tatem
910 3607 984 3669 tacis,
995 3609 1063 3669 quod
1079 3611 1102 3658 si
1114 3611 1171 3671 ipse
1183 3614 1283 3663 mittens

369 3673 539 3737 'According
566 3681 592 3723 to
615 3676 728 3735 Forduu,
752 3675 795 3725 the
821 3679 1282 3740 nonvultveuireadnoamosveuie·

331 3746 408 3795 abbot
416 3747 445 3795 ol
453 3746 578 3794 Arbroath
591 3761 645 3794 was
654 3747 696 3794 the
706 3747 795 3795 bearer
820 3763 876 3796 mus
887 3749 920 3797 ad
931 3744 1007 3797 enm?
1025 3749 1128 3799 Forduu
1136 3766 1154 3800 a
1163 3752 1282 3817 Gondall,

332 3817 360 3863 of
371 3817 475 3864 Buliol’s
487 3817 658 3864 renunciation
668 3816 744 3864 olbis
757 3817 791 3864 al·
819 3820 846 3868 ii.
860 3823 918 3867 156.

329 3886 459 3946 legiauce;
477 3891 502 3934 to
518 3885 601 3933 which
622 3887 734 3934 Edward
755 3901 792 3934 re-
852 3919 863 3951 ³

359 3957 364 3966 .
444 3957 451 3983 ι
785 3957 790 3967 .

328 3956 418 4084 diii?
438 3955 681 4085 ,bttl’lltlt
697 3955 792 4087 lidi}
817 3993 1044 4054 ranam,
1062 3993 1200 4055 Hem-⁹2³
1215 3997 1283 4045 wa

328 4095 380 4141 ‘Sil
403 4110 434 4142 no
454 4095 506 4142 volt
523 4096 594 4143 venir
615 4110 631 4142 a
652 4110 730 4155 nous,
745 4110 790 4144 uos
816 4063 941 4124 Singham'
952 4067 1001 4124 6⁰3
1020 4064 1123 4127 Rymer'
1134 4066 1162 4115 ἢ·
1174 4070 1231 4115 ⁷⁰⁷⁸

327 4163 451 4211 vendrous
463 4180 478 4212 a
490 4162 527 4212 li.'
565 4165 640 4215 Quod
658 4172 696 4234 est
707 4166 788 4228 dictu,
849 4164 859 4191 ⁴
877 4165 1027 4215 ‘violentem
1038 4161 1053 4226 ;’
1070 4161 1211 4232 D'A.,n1.,
1225 4171 1283 4229 Ar„

325 4233 400 4281 ‘Tibi
412 4235 478 4296 dico,
490 4234 526 4283 fili
538 4235 616 4296 fatue,
624 4237 699 4285 talem
711 4236 787 4285 fatui·
812 4238 836 4282 et
847 4235 894 4284 Ar.
907 4239 964 4284 220.

879 3923 927 3971 See
942 3922 992 3971 thia
1007 3922 1081 3972 letter
1099 3925 1126 3972 in
1142 3925 1281 3988 Knighton‚
