2940 4950
570 452 755 501 ANNALES.
1074 438 1141 503 343

184 609 313 677 retent,
337 602 462 667 nobilis
487 603 628 685 quidam
651 603 694 667 de
717 602 900 681 Galwidia,
928 605 1010 670 dnm
1030 615 1140 688 portae

185 702 340 767 civitatis
376 704 682 787 appropinquaret,
727 724 816 769 unco
865 706 975 770 ferreo
1009 706 1054 769 ab
1085 705 1140 770 bis

186 803 249 886 qni
277 821 382 885 snper
416 812 552 886 portam
585 813 684 869 erant
715 803 913 882 attrahitur,
945 806 1139 871 confossus-

188 921 258 985 que
288 902 417 966 lanceis
441 910 616 968 enecatur.
663 903 706 967 ln
738 923 875 969 carcerc
905 925 986 969 vero
1017 905 1140 970 civita-

188 1002 237 1066 tis
262 1002 401 1085 qnidam
424 1003 625 1085 explorator
646 1003 819 1081 detentus,
847 1024 925 1068 cnm
953 1005 1139 1071 adventum

189 1120 330 1165 suornm
359 1101 525 1179 audisset,
551 1122 722 1167 carcerem
744 1104 907 1181 incendit,
929 1105 1030 1188 cujus
1059 1106 1141 1187 igne

192 1200 280 1265 flatu
312 1201 407 1265 venti
439 1202 476 1265 in
504 1201 625 1266 domos
658 1202 745 1267 alias
774 1203 902 1279 delato,
934 1204 1026 1268 urbis
1059 1224 1141 1291 pars

191 1320 322 1383 magna
352 1308 536 1366 crematur.
599 1301 677 1367 Viri
706 1309 821 1368 tamen
848 1310 882 1368 et
914 1303 1072 1368 mulieres
1096 1304 1139 1367 ad

192 1420 311 1466 muros
335 1408 577 1466 concurrentes
608 1401 780 1484 lapidibus
809 1410 844 1466 et
872 1403 949 1467 telis
972 1402 1095 1467 Scotos
1120 1422 1142 1466 a

192 1501 301 1565 muris
330 1501 548 1584 propulsant,
581 1502 699 1565 urbem
733 1502 878 1567 viriliter
909 1502 1140 1567 defendentes.
1153 1524 1259 1573 mem

192 1600 291 1665 Scoti
321 1601 479 1666 videntes
517 1620 555 1667 se
588 1621 656 1665 non
686 1601 864 1684 proficere,
894 1603 980 1667 feria
1016 1610 1143 1686 quarta
1153 1585 1285 1671 libili

193 1701 324 1765 omissa
337 1701 514 1765 obsidione
529 1702 566 1766 in
584 1700 735 1766 Scotiam
753 1702 935 1767 redierunt.
1153 1679 1260 1767 {lindie

239 1799 371 1865 Eadem
408 1801 475 1879 die,
510 1801 642 1866 scilicet
674 1801 761 1866 scria
788 1810 915 1885 quarta
946 1803 981 1866 in
1014 1802 1246 1867 hebdomarii

194 1900 299 1965 mada
329 1900 488 1978 Pascbae,
520 1921 582 1967 rex
616 1921 693 1966 cnm
720 1903 876 1966 exercitu
910 1902 1143 1985 progrediens,
1155 1875 1268 1963 iid'issii-

195 2000 344 2065 transito
376 2000 516 2065 flumine
544 2000 636 2084 quod
664 2001 796 2066 Tweda
825 2001 963 2080 dicitur,
993 1975 1213 2066 Scotiam¹⁸¹¹⁶'

194 2101 374 2181 ingressus
395 2109 468 2173 est;
494 2110 530 2166 et
548 2101 737 2183 burgenses
761 2102 928 2166 Berewici
949 2100 993 2166 ad
1024 2122 1145 2184 pacem

194 2201 362 2277 invitans,
390 2220 452 2283 per
482 2201 570 2265 diem
596 2220 702 2264 unnm
727 2201 898 2283 integrum
927 2202 1144 2285 expectavit3

195 2300 324 2382 quibus
352 2300 395 2364 ad
426 2319 546 2384 pacem
579 2302 696 2365 venire
733 2301 940 2378 nolentibus,
971 2301 1078 2383 coepit
1109 2301 1145 2364 in

197 2400 255 2463 die
279 2399 429 2465 Veneris
456 2400 550 2465 villos
572 2400 861 2484 appropinquare,
885 2400 965 2464 fixis
989 2401 1146 2464 tentoriis

197 2500 236 2564 in
258 2499 360 2564 domo
383 2499 582 2565 monialium
606 2501 649 2564 de
672 2499 920 2578 Caldestreme,
942 2520 965 2564 a
984 2519 1055 2583 qua
1078 2500 1147 2564 dis-

196 2598 299 2665 tabat
322 2599 407 2665 villa
429 2600 597 2664 Berewici
624 2619 686 2684 per
710 2599 885 2664 dimidiam
913 2608 1047 2665 tantum
1074 2599 1147 2663 leu-

197 2717 287 2763 cam.
362 2697 588 2764 Advenerunt
623 2708 738 2764 autem
774 2708 808 2765 et
840 2700 965 2783 viginti
998 2708 1149 2782 quatuor
1160 2719 1311 2761 rantwins-

198 2817 307 2864 ”W
323 2797 487 2882 Angliaei
513 2818 658 2882 quarum
681 2807 798 2864 nautae
820 2800 1050 2866 incalescente
1075 2769 1295 2864 sole⁸²¹³⁸¹'¹⁰¹'

198 2900 392 2964 exercitum
422 2898 554 2981 regium
587 2900 623 2963 in
654 2900 803 2982 quadam
835 2901 978 2983 planitie
1018 2919 1151 2983 pracpa-

199 3007 315 3063 ratnm
346 2998 611 3081 conspicientes,
639 3000 698 3063 nbi
726 3019 789 3064 rex
818 3021 926 3066 novos
951 2999 1078 3064 milites
1102 3000 1151 3062 fe-

199 3105 310 3176 cerat,
333 3100 548 3164 aestimantes
569 3118 684 3181 regem
706 3099 795 3164 velle
820 3100 911 3164 villae
936 3099 1018 3164 dare
1043 3099 1152 3163 insul·

201 3205 289 3275 tum,
319 3204 456 3281 portum
481 3198 630 3281 ingressi
658 3207 693 3263 et
716 3198 760 3263 ad
786 3207 911 3263 terram
935 3199 1152 3281 applicantes

200 3296 398 3362 conflictum
436 3298 556 3363 ineunt
594 3318 672 3364 cum
706 3298 865 3377 villanis3
910 3298 969 3361 ubi
1003 3306 1154 3380 quatuor

200 3398 350 3462 navibus
380 3397 538 3480 perditis,
564 3405 689 3464 ceterae
715 3417 793 3463 cnm
824 3397 960 3462 refluxu
984 3396 1092 3460 salvae
1119 3404 1155 3459 et

200 3497 347 3580 integrae
370 3490 618 3563 ¹revertuntur.
672 3498 865 3580 Divulgato
891 3506 1008 3561 antem
1030 3496 1065 3559 in
1092 3515 1154 3560 ex·

201 3597 313 3662 ercitn
333 3598 426 3662 sacto
453 3605 649 3675 nautarum,
669 3618 732 3661 rex
746 3591 894 3681 'apertae
916 3605 1019 3662 terrae
1041 3604 1155 3661 trans·

202 3716 344 3779 gressus
374 3697 449 3763 sine
482 3696 685 3762 difficultate
720 3698 902 3777 fossatum,
936 3698 1029 3782 qnod
1060 3696 1156 3762 Scoti

236 3924 246 3959 ¹
264 3928 446 3980 'retrahuntur
458 3925 478 3991 ς’
500 3931 540 3982 Μ.
565 3935 589 3980 et
605 3931 666 3978 Aa:
694 3930 820 3992 t),allows
838 3929 948 3979 tholosa
965 3928 993 3977 oi
1001 3929 1072 3977 tbree
1089 3927 1159 3988 only,

200 4000 280 4049 ‘cum
290 3999 390 4049 refluxu
400 4001 471 4050 duvii
482 4002 579 4063 integre
590 4006 668 4050 retra·
695 4000 745 4049 and
765 4014 825 4061 says
840 3998 895 4047 tbat
908 3998 951 4048 the
967 4002 1028 4056 rest,
1042 3997 1120 4057 thirty
1132 3998 1158 4044 in

202 4070 299 4119 buntur
308 4063 324 4131 ;‘
336 4069 384 4120 Ar.
396 4075 454 4121 22⁰.
477 4071 631 4133 Dunstable,
641 4086 668 4131 p.
696 4071 810 4131 number,
829 4068 938 4129 escaped
957 4072 985 4116 at
1001 4067 1042 4115 the
1060 4066 1117 4114 tlow
1133 4066 1163 4113 ot

204 4144 265 4201 848,
279 4140 368 4189 makes
384 4140 426 4190 tbe
442 4142 495 4191 loss
508 4141 537 4190 oi
549 4140 670 4203 sbipping
696 4139 811 4189 thetide.

204 4209 433 4263 rnoredlmtrous.
457 4210 635 4274 Heminglord,
643 4225 669 4272 p.
732 4208 743 4236 ²
758 4210 791 4257 ‘a
802 4202 894 4270 parte?
906 4202 975 4255 n’A.
