2940 4950
580 469 761 518 auruncus.
1079 452 1146 519 275

186 646 334 711 scopus:
362 626 598 710 successitque
621 628 652 691 ei
676 627 852 691 Robertus
878 628 920 691 de
944 620 1142 692 ¹Winehin·

187 735 281 804 tona,
299 727 453 813 ejusdem
468 726 623 792 ecclesiae
641 727 803 792 decanus.

203 947 230 983 D.
243 947 269 983 ll.
280 947 300 982 J.
310 948 334 984 G.
423 946 622 983 meludunum
636 948 661 984 R.
734 938 915 989 'FRANCORUM
970 927 1108 983 neomenia

238 1233 457 1298 Enwsnnus
495 1232 586 1296 filius
618 1234 710 1315 regis
742 1233 893 1315 Angliae,
933 1253 1012 1297 cum
1050 1234 1139 1298 Ead·
1153 1243 1297 1334 ffiffiggt·

185 1333 314 1398 mundo
336 1352 501 1414 germano
522 1352 587 1397 suo
609 1332 755 1415 aliisque
777 1334 934 1416 pluribus
957 1334 1284 1411 nobilibus‚110o1.·na

186 1433 253 1497 iter
275 1433 561 1515 peregrinationis
578 1433 614 1495 in
634 1432 777 1496 Terram
804 1433 968 1498 Sanctam
994 1436 1140 1517 arripuit

186 1551 304 1597 mense
331 1532 440 1597 Maio.
492 1532 616 1597 Mense
643 1551 726 1596 vero
753 1531 917 1615 Augusto
945 1532 1139 1611 infirmitas,

187 1651 266 1715 quae
296 1632 446 1696 maxime
474 1633 534 1696 illo
564 1641 719 1715 tempore
744 1632 837 1697 cirea
859 1634 1008 1697 confinia
1035 1635 1139 1697 maris

187 1732 312 1815 riguit,
329 1732 363 1796 in
379 1733 534 1796 exercitu
549 1731 822 1797 Christianorum
840 1727 961 1797 ²nimis
978 1734 1138 1798 invaluit.

188 1831 288 1897 Inter
310 1832 459 1915 majores
480 1833 589 1914 primo
612 1832 757 1896 moritur
769 1830 924 1897 Joannes
942 1853 1055 1898 comes
1075 1833 1140 1898 Ni·

188 1932 378 2009 vernensis,
409 1932 502 2013 regis
533 1933 744 1996 Francorum
777 1932 885 2011 lilius;
917 1941 1040 2016 postea
1069 1933 1140 2016 epi·

186 2050 314 2113 scopus
329 2030 547 2107 Albanensis‚
571 2031 757 2096 cardinalis
783 2040 817 2095 et
833 2034 1033 2115 apostolicae
1049 2034 1139 2097 sedis

185 2131 346 2213 legatus3
376 2138 549 2214 postremo
576 2132 698 2195 beatus
723 2130 920 2197 Lodovicus
942 2152 1003 2197 rex
1027 2132 1261 2233 Fran-{mg

186 2250 306 2296 corum
322 2228 649 2308 christianissimus
672 2232 707 2293 in
729 2231 882 2295 crastino
901 2234 937 2298 S.
958 2231 1140 2296 Bartholo-
1153 2244 1276 2292 tuamne

186 2330 267 2394 maei
290 2329 451 2414 apostoli,
468 2351 489 2395 a
506 2350 614 2412 regno
629 2330 810 2413 temporali
826 2334 963 2396 transiit
980 2332 1022 2396 ad
1041 2338 1139 2395 aeter·

188 2450 283 2496 num.
335 2429 448 2508 Quam
478 2430 624 2494 feliciter
653 2439 769 2494 autem
794 2450 856 2495 rex
882 2432 948 2495 iste
976 2432 1139 2496 termina·

187 2530 280 2595 verit
300 2523 470 2613 ³[vitam],
494 2549 557 2594 rex
589 2528 760 2595 Navarrae
783 2530 922 2595 domino
940 2530 1140 2596 Tusculano

187 2650 252 2714 per
273 2630 407 2695 litteras
434 2630 619 2694 intimavit.
673 2630 765 2694 Nam
793 2629 827 2692 in
851 2630 1049 2695 infirmitate
1076 2650 1141 2695 sua

187 2730 330 2795 laudare
345 2749 468 2795 nomen
483 2730 553 2793 Dm
573 2749 641 2793 non
659 2731 822 2807 cessavit,
839 2730 932 2793 illam
948 2732 1137 2795 orationem

186 2830 396 2912 aliquotiens
423 2830 663 2906 interserebat,
690 2831 793 2895 ‘Fac
828 2849 902 2908 nos,
929 2850 1139 2914 quaesumus,

188 2928 351 3007 Domine,
368 2946 533 3013 prospera
551 2930 669 2994 mundi
689 2931 875 3014 despicere,
897 2938 932 2995 et
950 2931 1046 2994 nulla
1063 2931 1139 3015 ejus

186 3028 336 3095 adversa
349 3029 553 3095 formidare!
605 3029 738 3095 Orabat
758 3040 792 3096 et
809 3050 872 3113 pro
891 3031 1020 3113 populo
1037 3051 1139 3114 quem

184 3148 303 3195 secum
312 3128 517 3207 adduxerat,
529 3129 786 3207 dicens,‘Esto,
798 3131 958 3207 Domine,
969 3130 1059 3214 plebi
1069 3139 1139 3194 tuae

184 3229 423 3295 sanctificator
442 3237 478 3295 et
496 3230 639 3296 custos!
691 3230 829 3294 Etcum
846 3231 1139 3312 appropinquaret

185 3328 232 3393 ad
259 3328 375 3408 linem,
395 3330 555 3412 suspexit
580 3330 617 3393 in
639 3330 766 3393 coelum
798 3328 927 3405 dicens,
960 3328 1140 3392 ‘Introibo

184 3429 223 3493 in
249 3428 388 3494 domum
408 3436 517 3505 tuam,
543 3428 696 3493 adorabo
722 3429 765 3493 ad
790 3428 955 3510 templum
981 3433 1138 3491 sanctum

185 3536 298 3605 tuum,
309 3536 344 3592 et
356 3528 545 3593 confitebor
561 3530 778 3605 nominituo,
794 3528 965 3592 Domine!
1005 3528 1051 3592 Et
1065 3526 1139 3590 haec

185 3628 318 3704 dicens,
335 3627 541 3693 obdormivit
561 3630 596 3691 in
614 3628 778 3692 Domino.
830 3620 909 3691 ⁴Cui
924 3627 1089 3692 successit
1103 3626 1137 3690 in

185 3746 295 3810 regno
309 3728 401 3793 tilius
416 3728 492 3813 ejus
510 3727 703 3812 Philippus.

221 3916 232 3950 ¹
248 3918 496 3983 ‘Winchamptoniae
509 3918 535 3982 ς’
560 3914 649 3970 D'A.:
710 3917 722 3951 ⁸
739 3916 825 3969 Hall’s
835 3920 959 3968 addition.
983 3918 1104 3982 Wanting
1114 3920 1140 3968 in

182 3990 317 4040 ‘wicham
324 3985 341 4051 ς’
353 3990 489 4040 M.etAr.:
501 3991 509 4018 ‘
520 3990 651 4039 Wikham-
676 3991 711 4039 all
722 3989 764 4039 the
776 3989 852 4039 MSS.

185 4056 345 4121 Μίνω·
358 4060 440 4124 ηιμ
461 4058 579 4123 insm'ad
592 4074 650 4111 m
712 4127 804 4179 ⁴Oom
881 4126 932 4175 this
944 4124 1007 4173 with
1020 4122 1062 4173 the
1077 4129 1142 4172 most

188 4134 364 4260 ¹¹2⁴‘'ruistie?
377 4200 437 4251 eod.
445 4200 523 4262 Rapa
535 4193 652 4259 ‘minum'
662 4222 665 4227 ·
677 4142 967 4259 interestinmrrative
987 4193 1016 4242 ol
1027 4194 1068 4242 hir
1087 4193 1142 4241 bio·

187 4270 228 4321 rr.
662 4232 936 4330 {grapherdoinville

946 4354 989 4400 Η
