2940 4950
574 452 756 501 Anninus.
1075 438 1143 505 385

186 605 250 670 rici
265 607 379 688 primi,
393 608 508 672 fratris
524 609 607 673 dicti
622 608 713 690 regis
729 608 895 674 Willclmi
909 608 1004 674 Rufi.
1035 611 1137 691 Item,
1151 627 1258 671 nim.

187 704 353 769 mathildi
370 708 591 790 imperatrici,
616 708 696 771 fitiae
719 707 889 773 etheredi
912 708 1057 774 nautici
1082 679 1253 779 retitui.

186 805 242 885 gis
262 805 429 887 praedicti,
452 805 566 872 David
591 826 653 870 rex
676 807 802 871 Scotiae
823 808 904 872 iecit
925 808 1134 890 homagium.

187 902 291 979 Item,
305 905 502 969 Willelmus
519 925 581 969 rex
594 906 777 970 Scotorum
794 926 856 989 pro
873 925 980 987 regno
996 906 1135 985 Scotiae,

186 1009 223 1066 et
250 1002 363 1067 David
387 1004 480 1067 filius
510 1005 599 1089 ejus,
636 1005 778 1068 comites
800 1013 836 1069 et
864 1005 1011 1069 barones
1036 1009 1135 1090 regni

187 1100 327 1179 Scotiae,
350 1101 562 1167 devenerunt
588 1103 742 1167 homines
770 1103 928 1181 Honrici,
954 1105 1016 1168 iiiii
1042 1109 1134 1188 regis

187 1198 327 1282 Angiiuc
342 1201 487 1267 Henrici
505 1202 656 1279 secundi,
672 1204 708 1265 in
729 1203 881 1267 crastino
901 1206 1134 1269 coronationis

187 1299 345 1381 praedicti
375 1300 532 1377 Henrici,
569 1301 631 1364 filii
665 1301 810 1365 Henrici
846 1303 1000 1379 secundi,
1036 1310 1135 1385 patre

186 1399 339 1475 vivente,
361 1406 396 1464 et
419 1399 618 1464 fidelitatem
645 1400 676 1463 ei
693 1400 902 1483 juraveruut
919 1410 1042 1466 contra
1063 1422 1136 1466 om·

188 1516 249 1561 nes
281 1497 447 1577 homines,
488 1498 588 1564 solvo
613 1498 779 1564 fidelitate
809 1499 926 1564 debita
959 1502 1052 1582 patri
1088 1502 1135 1566 vi·

188 1598 294 1662 venti.

236 1694 366 1761 ‘Anno
388 1717 471 1762 vero
495 1698 657 1763 vicesimo
679 1697 776 1779 regni
804 1699 896 1781 regis
917 1700 1061 1764 Henrici
1084 1718 1136 1763 se-

187 1795 290 1859 cundi
313 1795 482 1878 praedicti,
503 1796 616 1861 dictus
642 1796 840 1862 Willelmus
863 1817 926 1862 rox
953 1799 1134 1863 Scotorum

188 1895 355 1960 rebellare
379 1896 546 1979 incipiens
568 1897 664 1961 venit
686 1897 722 1959 in
750 1896 1033 1961 Nortbumbriam
1057 1917 1135 1961 cum

188 1995 344 2059 exercitu
383 2015 522 2078 magno,
557 2003 594 2059 et
624 1996 782 2059 exercuit
812 1995 848 2058 in
881 1997 1011 2077 populo
1044 2005 1134 2060 stra·

188 2113 266 2174 gem
298 2113 471 2177 maguam.
529 2094 594 2159 Cui
627 2100 845 2159 occurrentes
876 2094 1002 2159 milites
1032 2096 1135 2158 comi·

188 2199 284 2257 tutus
304 2193 452 2258 Eboraci
477 2195 567 2277 apud
587 2192 750 2258 Alnewik
768 2194 881 2276 ipsum
906 2202 1079 2276 ceperunt,
1101 2201 1137 2258 et

185 2291 281 2356 dicto
303 2292 459 2357 Henrico
481 2295 554 2375 regi
579 2292 717 2375 Angliae
748 2292 980 2356 reddiderunt.
1035 2291 1136 2357 Anno

185 2392 357 2473 sequenti,
374 2392 644 2476 quinto-decimo
661 2391 824 2455 calendas
849 2391 949 2469 Maii,
963 2390 1053 2454 idem
1072 2412 1135 2455 rex

187 2489 383 2554 Wilielmus
410 2491 598 2573 permissus
628 2496 682 2554 est
711 2490 818 2554 libere
849 2491 954 2555 abire.
1006 2489 1136 2555 Postea

186 2608 270 2653 vero
303 2589 495 2654 Eboracum
524 2609 615 2655 anno
642 2588 774 2666 eodem,
800 2590 947 2670 septimo
973 2590 1135 2654 calendas

188 2687 409 2771 Septembris,
440 2689 530 2752 idem
562 2688 760 2753 Wiilelmus
789 2707 852 2752 rex
880 2689 1061 2752 Scotorum
1093 2689 1136 2753 de

186 2806 357 2851 consensu
395 2787 630 2870 praelatorum,
669 2787 845 2865 comitum,
882 2796 919 2852 ot
956 2790 1135 2862 baronum,

188 2906 380 2970 procerum,
404 2894 440 2951 et
468 2887 614 2951 aliorum
644 2895 844 2969 magnatum
874 2888 971 2970 regni
997 2886 1136 2963 Scotiae,

190 2985 327 3051 domino
350 3005 414 3050 suo
435 2988 509 3069 regi
529 2986 680 3069 Angiiae,
704 2987 859 3051 Henrico
882 2988 953 3050 tilio
978 2985 1137 3050 Matildis

189 3084 417 3168 imperatricis
451 3086 638 3170 praedictae,
674 3086 747 3149 suis
780 3085 905 3149 littoris
939 3087 1138 3167 potentibus

189 3185 323 3249 cavisse
353 3186 520 3261 noscitur,
547 3183 638 3267 quod
664 3185 738 3266 ipse
767 3191 803 3247 et
829 3183 970 3248 heredes
998 3191 1034 3248 et
1058 3203 1137 3247 suc-

188 3302 342 3348 cessores
375 3283 441 3360 sui,
472 3302 571 3365 reges
603 3282 742 3358 Scotino,
778 3282 942 3364 episcopi,
983 3282 1138 3358 abbates,

189 3383 332 3447 comites
347 3391 382 3447 et
399 3384 558 3458 barones,
573 3390 609 3445 et
627 3381 686 3445 alii
700 3380 856 3444 homines
878 3380 975 3462 regni
1000 3379 1138 3456 Scotiae,

190 3481 234 3546 de
259 3483 383 3565 quibus
408 3482 568 3546 domiuus
591 3500 654 3544 rex
680 3480 854 3545 Henricus
886 3474 1061 3555 ¹volucrit,
1085 3477 1138 3542 fa-

190 3582 282 3646 cient
308 3582 382 3664 regi
410 3581 550 3663 Angliae
580 3580 791 3663 homagium,
815 3578 1016 3643 fidelitatem
1039 3585 1076 3642 et
1099 3578 1140 3641 li-

190 3681 358 3762 gantiom,
383 3687 422 3744 ut
446 3681 530 3762 ligio
556 3679 707 3757 domino,
733 3685 855 3744 contra
876 3698 1009 3743 omnem
1033 3676 1140 3742 bomi-

190 3773 293 3846 uem.²
349 3779 450 3857 Item,
466 3779 631 3862 episcopi,
655 3779 810 3856 comites,
837 3786 873 3842 et
895 3780 1042 3843 barones
1062 3796 1140 3841 con-

227 4000 236 4034 ¹
251 4004 362 4054 ‘babere
373 4001 501 4067 voluerit3’
513 4006 561 4056 Ar.
573 4009 631 4056 22⁰.
677 4005 792 4054 lanceam
807 4018 885 4065 super
900 4004 980 4052 nitore
992 4001 1060 4051 beati
1072 4000 1144 4048 Petri

680 4074 780 4134 obtulit,
802 4087 861 4134 quoi
879 4073 906 4119 in
928 4072 1016 4122 eudem
1035 4070 1145 4119 ecclesio

226 4140 304 4205 ’‘ot,
321 4142 348 4192 in
366 4144 467 4207 signum
484 4145 658 4207 subjectionis,
681 4157 763 4203 usque
779 4143 806 4191 in
821 4141 970 4190 hodiernum
986 4141 1053 4189 diem
1064 4153 1146 4187 rema·

191 4213 320 4276 capellum
339 4228 414 4263 suum
431 4220 457 4263 et
473 4214 562 4264 sellam
582 4218 658 4275 utque
683 4218 744 4262 nent
754 4217 780 4260 et
791 4207 940 4261 servamur!
957 4209 1038 4259 Wuts.
1049 4212 1091 4257 82.

939 4316 997 4363 00
