2940 4950
574 459 755 507 sannaus.
1074 446 1138 509 251

184 614 373 679 introducti
396 613 535 678 fuerant
555 614 591 678 iu
618 613 794 695 Angliam,
818 634 907 696 quos
928 614 1141 696 alienigenas
1152 633 1302 723 ἔκπιες.

185 713 421 797 appellabant.
473 712 624 791 Quidam
654 713 758 777 etiam
780 713 823 776 dc
850 721 948 796 parte
973 716 1140 779 baronum
1152 733 1283 822 ffimta·

188 811 479 877 Herefordensem
502 813 701 894 episcopum
722 812 878 889 Petrum,
894 813 1035 877 natione
1052 815 1142 878 Bur·
1191 793 1212 833 ⁸'

186 910 354 995 gundum,
368 912 405 975 in
420 912 566 976 ecclesia
585 930 650 974 sna
671 911 861 975 cathedrali
884 921 1034 995 captum,
1049 914 1141 977 dux-

186 1019 289 1076 erunt
312 1010 355 1074 ad
380 1018 533 1074 castrum
550 1009 594 1074 de
611 1009 813 1092 Erdesleya,
836 1010 1037 1075 thesaurum
1063 1013 1140 1095 ejus

186 1111 279 1174 inter
313 1128 352 1173 se
401 1109 557 1192 pariliter
602 1109 807 1175 dividentes.
883 1110 1016 1174 Deinde
1055 1112 1142 1176 duce

186 1208 313 1274 comite
344 1208 495 1292 Symone
531 1207 754 1290 progreditur
790 1209 963 1274 exercitus
993 1208 1142 1274 Glover·

188 1308 293 1385 niam,
331 1307 430 1391 cujus
468 1307 575 1372 castri
611 1307 770 1371 custodia
808 1307 1005 1372 fidelissimo
1041 1309 1142 1373 militi

189 1405 352 1471 Matthiae
384 1406 429 1471 de
461 1399 627 1470 ¹Besilles
664 1406 779 1471 fuerat
808 1426 870 1488 per
901 1426 1017 1488 regem
1050 1426 1143 1471 com-

188 1507 307 1569 missa.
380 1504 562 1587 Occupato
608 1513 723 1570 autem
765 1505 861 1583 villa,
909 1525 986 1569 cum
1025 1516 1142 1570 castro

188 1605 311 1669 dantes
331 1604 497 1669 insultum
523 1606 669 1668 barones
694 1611 829 1687 portam
853 1605 998 1685 primam
1021 1624 1142 1668 versus

188 1705 308 1768 urbem
339 1703 601 1785 confregissent,
644 1703 826 1780 Matthias,
854 1713 893 1768 ut
928 1704 995 1767 sibi
1027 1714 1143 1769 essent

188 1802 334 1879 auxilio,
358 1801 591 1867 incarceratos
627 1802 808 1867 dissolvit:
846 1822 992 1884 quorum
1024 1804 1140 1885 prodi-

188 1901 283 1967 tione
298 1921 375 1967 cum
392 1921 437 1966 ex
453 1902 564 1967 altera
586 1909 686 1984 parte
705 1901 810 1966 castri
831 1902 1026 1984 patefactus
1049 1912 1142 1967 esset

188 2001 378 2083 ingressus,
395 2001 566 2066 Matthias
580 2001 615 2064 in
633 2001 753 2065 turrim
770 2000 943 2082 confugit3
968 2002 1004 2064 in
1018 1995 1139 2083 'quam

187 2100 408 2183 insequentes
435 2119 513 2164 eum
540 2099 668 2164 milites
698 2099 860 2183 Symonis
889 2099 1039 2164 effractis
1060 2101 1141 2165 fori·

189 2200 256 2265 bus
298 2199 468 2264 violenter
511 2199 719 2282 irrumpunt,
762 2197 1019 2281 Matthiamque
1059 2199 1141 2262 licet

187 2282 452 2382 repugnantem,
479 2317 543 2362 nec
566 2305 660 2362 metu
688 2299 811 2362 mortis
839 2316 877 2361 se
907 2297 1049 2361 reddero
1079 2317 1140 2362 vo-

188 2398 331 2475 lentem,
356 2398 474 2463 rivum
500 2405 679 2481 ceperunt,
706 2403 742 2460 et
766 2396 919 2460 vinctum
950 2415 1020 2478 quo
1047 2395 1142 2460 vole-

188 2497 276 2561 bant
304 2495 487 2562 duxerunt.
540 2496 678 2560 Exinde
705 2514 820 2560 comes
844 2495 1063 2577 Wigorniam
1084 2514 1143 2559 ac-

189 2595 328 2674 cedens,
365 2595 541 2661 civitatem
574 2596 687 2677 ipsam
726 2595 800 2659 sine
839 2594 911 2658 ulla
944 2595 1142 2658 resistentia

189 2695 294 2778 cepit.
356 2693 443 2758 Inde
469 2713 579 2776 usque
612 2694 780 2775 Brugiam
805 2693 1041 2778 progrediens,
1063 2712 1142 2758 cum

188 2794 308 2861 uillam
336 2793 541 2871 obsedisset,
563 2792 752 2876 villanique
777 2794 888 2877 primo
913 2793 969 2857 die
995 2813 1034 2858 se
1058 2794 1142 2858 viri-

188 2892 268 2959 liter
281 2892 527 2970 defendissent,
543 2893 695 2957 secundo
710 2893 766 2956 die
779 2894 915 2957 firmato
930 2901 1033 2975 pacto
1048 2893 1141 2975 quod

189 2992 396 3068 Wallenses,
426 2993 487 3074 qui
514 2999 682 3074 exparte
711 2991 781 3056 alia
812 2993 930 3056 urbem
959 3012 1141 3075 oppugna·

189 3092 288 3169 bant,
303 3110 374 3156 non
392 3090 705 3166 introducerentur,
723 3091 887 3173 oppidum
908 3090 1140 3156 reddiderunt.

190 3191 326 3256 Deinde
344 3189 576 3274 proficiscitur
598 3208 714 3254 comes
735 3189 778 3253 ad
800 3197 917 3272 partes
939 3190 1037 3270 regni
1061 3208 1142 3253 aus-

189 3291 309 3357 trales.
361 3290 441 3354 Rex
467 3296 581 3353 autem
608 3297 643 3354 et
662 3287 781 3370 regina
797 3287 933 3351 interim
951 3287 1140 3351 Londoniis
1152 3309 1275 3356 umqum
1284 3308 1302 3346 ι.

190 3390 415 3454 morabantur
426 3389 464 3453 in
481 3388 585 3469 turri3
615 3408 706 3472 quae,
729 3406 807 3450 cum
822 3407 861 3451 se
875 3386 1062 3450 transferre
1079 3406 1141 3450 vo·
1152 3358 1252 3398 mmm

189 3488 266 3553 lens
296 3488 342 3552 ad
375 3494 526 3552 castrum
564 3488 606 3552 de
639 3485 868 3562 Windelsore‚
903 3505 964 3567 per
998 3483 1140 3549 fluvium

189 3586 373 3652 Thamesis
396 3587 597 3651 ascenderet
622 3587 659 3650 in
681 3585 823 3667 scapha,
848 3585 1033 3649 multitudo
1055 3585 1140 3649 civi·

188 3687 274 3752 tatis
288 3685 424 3770 plebeia
444 3686 487 3749 ad
504 3695 642 3768 pontem
667 3686 732 3750 sub
755 3704 825 3767 quo
839 3678 1046 3749 ³transitura
1067 3695 1143 3750 erat

189 3792 414 3868 congregata,
444 3784 600 3848 convicia
629 3794 665 3850 et
684 3785 869 3850 maledicta
892 3785 928 3849 iu
948 3778 1041 3850 ⁴eam
1062 3805 1143 3849 con-

224 3990 234 4026 ¹
250 3989 401 4056 ‘Beriller3’
413 3988 497 4044 M:
509 3995 517 4021 ‘
529 3989 655 4057 Bouillis?
714 3991 725 4023 ⁴
741 3994 857 4043 Because
870 3994 977 4043 alrewas
989 3995 1089 4056 against
1100 3994 1143 4044 the

189 4065 230 4115 Μ.
679 4067 760 4124 treaty
777 4063 819 4112 the
836 4064 899 4125 king
915 4077 968 4110 was
983 4063 1101 4124 required
1116 4069 1143 4112 to

225 4130 237 4162 ¹
252 4135 322 4196 ‘qua
331 4133 349 4194 ;’
359 4134 398 4183 Μ.
405 4137 430 4181 et
440 4131 488 4183 Ar.
679 4132 801 4183 conclude
809 4132 871 4180 with
883 4131 925 4180 tho
936 4132 1003 4179 rebel
1014 4133 1105 4180 barone
1116 4133 1142 4180 in

226 4199 401 4263 '‘bumim’
412 4203 452 4251 Μ.
680 4202 769 4251 favour
784 4202 813 4250 ol
826 4201 868 4250 the
886 4202 1038 4249 observance
1056 4200 1085 4249 ol
1100 4201 1142 4250 the
