2940 4950
345 448 410 513 130
703 465 777 513 rue.
800 464 948 512 rnrvnrr

346 631 472 687 terram
511 642 609 686 suam
647 630 727 687 autc
764 622 838 686 dies
877 620 1109 704 quadraginta
1143 629 1310 687 exactos

347 723 516 786 Discessit
541 723 648 803 igitur
670 742 732 786 rex
761 722 974 786 Francorum
995 742 1017 786 a
1038 720 1149 785 Terra
1171 721 1310 787 Sancta

346 823 380 885 in
403 822 458 886 die
481 822 517 888 S.
537 822 633 886 Petri
657 823 700 886 ad
718 815 880 899 vincula,¹
909 822 1000 885 datis
1021 821 1115 885 eiad
1139 829 1306 903 rogatum

345 941 445 986 suurn
477 943 499 986 a
529 942 610 1005 rege
633 922 785 987 Ricardo
811 923 921 1004 galcis
943 922 1098 998 duabus;
1129 923 1204 1004 qui,
1232 928 1306 985 tam

346 1022 502 1086 beneficii
518 1042 623 1106 quam
635 1022 825 1106 juramenti
843 1023 1032 1098 immemor,
1050 1022 1084 1084 iu
1107 1040 1171 1085 suo
1188 1021 1307 1086 reditu

345 1121 380 1184 in
410 1122 592 1187 Franciam
612 1130 723 1186 terras
745 1123 837 1204 regis
862 1121 1003 1186 Ricardi
1025 1121 1165 1185 invasit.
1223 1121 1308 1188 Rex

346 1221 531 1300 Ricardus‚
552 1230 632 1304 post
648 1222 836 1286 discessum
860 1222 951 1303 regis
976 1222 1206 1297 Francorum,
1229 1241 1306 1285 om·

346 1342 422 1386 nem
454 1323 609 1387 adhibuit
636 1342 776 1404 operam
803 1323 909 1385 muris
937 1322 1089 1387 civitatis
1114 1318 1245 1385 Achon
1266 1322 1307 1387 in

344 1422 450 1487 altius
478 1431 513 1487 et
538 1422 723 1504 perfectius
746 1422 958 1503 reparandis.
1012 1420 1221 1501 Reliquerat
1241 1441 1308 1487 au·

345 1529 413 1585 tem
439 1542 501 1586 rex
530 1523 688 1586 Frauciae
716 1522 750 1585 in
776 1541 881 1585 manu
902 1521 1000 1585 ducis
1027 1520 1246 1602 Burgundioe
1267 1529 1306 1587 et

345 1620 512 1686 Marchisi
541 1631 675 1704 partem
705 1640 803 1685 suam
833 1621 1003 1698 obsidum,
1035 1628 1075 1684 ut
1105 1620 1150 1684 da
1180 1640 1306 1689 eorum

343 1721 590 1803 redemptione,
607 1741 711 1805 quam
733 1722 928 1786 aestimabat
950 1720 1135 1786 ascendere
1151 1720 1199 1785 ad
1222 1741 1307 1787 cen-

346 1827 418 1883 tum
437 1822 545 1885 millia
566 1841 759 1899 aureorum,
783 1842 892 1905 usquc
914 1822 958 1885 ad
982 1820 1118 1885 Pascha
1140 1821 1303 1887 relictam

344 1920 391 1983 ibi
409 1920 565 1986 militiam
581 1922 770 1986 exhiberet.
807 1920 894 1985 Cum
913 1929 1028 1985 autem
1045 1919 1175 1985 Gallici
1192 1921 1301 1987 aliam

343 2021 480 2101 penitus
518 2042 586 2086 non
625 2022 792 2086 haberent
821 2021 1079 2098 exhibitionem,
1109 2021 1302 2103 plurimum

343 2122 527 2184 murmuris
559 2129 594 2186 et
620 2122 851 2186 contentionis
882 2123 971 2186 inter
995 2141 1055 2186 eos
1085 2130 1203 2187 ortum
1235 2132 1301 2201 est,

341 2240 521 2305 quousque
543 2215 623 2286 ²rex
654 2221 827 2286 Ricardus
848 2221 927 2285 duci
953 2220 1168 2303 Burgundiae
1193 2242 1301 2306 super

341 2320 478 2384 obsides
508 2323 574 2385 sibi
606 2322 744 2385 relictos
780 2341 972 2385 marcarum
1004 2321 1156 2404 quinque
1187 2323 1299 2387 millia

340 2421 583 2485 commodaret.
635 2421 795 2485 Exeuutc
817 2428 932 2484 autem
957 2421 1205 2503 redemptionis
1227 2432 1298 2488 ter·

340 2520 445 2598 mino,
468 2528 504 2585 et
519 2528 722 2603 exspectata
739 2521 883 2585 ulterius
900 2540 971 2584 uua
987 2521 1198 2604 septimana,
1218 2542 1297 2587 cum

339 2639 408 2683 nou
425 2630 516 2685 essct
534 2622 592 2703 qui
614 2620 657 2684 de
681 2620 887 2684 redimendis
909 2628 1058 2698 curaret,
1081 2621 1124 2685 de
1148 2641 1294 2687 assensu

339 2721 488 2783 omnium
512 2722 545 2784 iu
571 2721 721 2784 crastino
747 2716 1024 2803 ³Assumptiouis
1043 2720 1204 2803 Virginis
1224 2723 1296 2805 glo·

339 2819 439 2882 riosae
455 2821 590 2884 obsides
606 2841 737 2899 omneS,
760 2821 944 2885 reservatis
967 2829 1102 2886 tautum
1121 2821 1296 2905 aliquibus

339 2919 537 3003 majoribus,
556 2922 586 2984 si
607 2922 694 2985 forto
711 2920 764 2986 vel
789 2921 856 3003 ipsi
877 2921 1137 2997 redimerentur,
1153 2923 1213 2987 vel
1232 2942 1295 3007 pro

338 3019 387 3082 eis
405 3020 512 3102 aliqui
531 3020 719 3085 Christiani
741 3022 871 3102 captivi
887 3021 1127 3097 liberarentur,
1145 3041 1168 3085 a
1192 3023 1294 3088 satel-

340 3118 458 3182 litibus
483 3120 709 3185 decollantur.
762 3120 897 3184 Exinde
924 3122 1145 3203 progreditur
1175 3120 1295 3187 Chris·

338 3219 453 3282 tianus
470 3222 656 3297 exercitus,
674 3222 760 3284 duce
778 3241 857 3302 rege
876 3221 1040 3298 Ricardo,
1052 3241 1174 3286 versus
1188 3221 1294 3289 Asca-

338 3317 465 3382 loniam
479 3322 685 3384 maritimam
704 3321 892 3384 civitatem.

175 3435 325 3525 ffvrggqgctou
389 3419 553 3484 Pervenit
570 3429 686 3484 autem
703 3421 876 3484 exercitus
898 3420 1065 3484 ordinatis
1083 3420 1189 3485 dietis
1213 3442 1290 3505 pro·

176 3535 282 3578 sumn..
337 3519 508 3599 grediens
526 3528 605 3602 post
622 3521 749 3584 multas
771 3539 792 3583 a
814 3520 938 3583 'furcis
961 3519 1077 3583 illatas
1099 3519 1293 3599 molestias,

336 3619 379 3682 ad
396 3619 539 3684 fluvium
555 3620 613 3702 qui
630 3622 735 3702 vulgo
752 3620 878 3683 dicitur
892 3614 1140 3685 *Rochetailla
1183 3620 1293 3686 Exer-

334 3719 423 3782 citus
447 3727 562 3784 autem
585 3721 776 3785 Turcorum
801 3738 846 3782 ex
866 3718 960 3783 omni
981 3719 1189 3801 paganismo
1212 3742 1293 3787 cou-

333 3827 512 3899 gregatus,
542 3821 601 3902 qui
636 3820 874 3885 aestimabatur
908 3819 950 3882 ad
992 3828 1149 3884 trecenta
1183 3822 1293 3887 millia

368 4061 375 4091 ι
392 4063 496 4124 August
507 4066 554 4110 lst
822 4064 875 4110 first
891 4061 980 4110 within
999 4061 1042 4110 the
1056 4066 1156 4124 octava,
1172 4062 1219 4114 the
1233 4030 1304 4115 dne*

365 4129 452 4181 ²‘rex
462 4127 477 4193 3’
494 4133 607 4193 wanting
619 4132 643 4179 iu
656 4127 724 4182 D'A.
822 4133 844 4181 is
856 4132 915 4180 here
927 4131 1083 4181 determined
1094 4137 1122 4181 to
1137 4134 1182 4184 the
1196 4134 1293 4187 rencs

364 4197 613 4263 '‘Assumptionis’
633 4202 655 4249 is
671 4202 733 4250 from
755 4203 794 4252 M.
821 4204 934 4265 August.

328 4272 382 4322 The
398 4287 505 4322 morrow
517 4273 546 4322 of
559 4286 575 4322 a
586 4272 652 4321 feast
663 4272 740 4335 being
752 4273 794 4322 the
856 4270 865 4300 ⁴
882 4267 1111 4334 ‘Rochetga51103'
1123 4272 1164 4323 Μ.
1175 4279 1203 4324 et
1214 4277 1262 4329 Ar.
