2940 4950
568 456 752 505 ANNALES.
1076 442 1142 507 239

184 635 268 681 rans
283 616 326 680 ad
350 634 493 699 regnum
517 614 655 691 Siciliae,
676 615 785 697 coepit
800 615 836 677 in
854 612 985 697 Apulia
1007 616 1141 680 sortiter

185 715 364 781 dominari.
418 714 642 780 Innocentius
668 734 770 797 papa,
795 715 832 777 in
859 714 998 778 Italiam
1025 735 1140 780 rever·

186 835 259 892 sus,
291 815 381 898 apud
411 814 581 879 Assisium
609 815 829 893 morabatnr;
861 815 919 878 ubi
945 814 980 878 S.
1007 815 1139 880 Stanis-

186 915 280 979 laum
303 914 568 979 Cracoviensem
598 915 796 997 episcopum
825 915 1054 991 canonizavit,
1080 917 1140 999 qui

186 1016 233 1080 ab
249 1015 369 1098 iniqno
386 1013 540 1097 principe
557 1012 668 1077 inerat
683 1013 894 1078 interfectus.
934 1014 1013 1078 Rex
1030 1016 1138 1079 Fran·
1154 1030 1274 1070 seruent

186 1132 318 1190 corum,
342 1122 550 1197 procurante
567 1114 686 1193 regina
709 1113 840 1176 Blanca
856 1122 965 1177 matre
980 1114 1067 1197 ejus,
1085 1116 1140 1179 cui
1153 1081 1275 1220 ffizd

188 1213 380 1278 custodiam
405 1214 503 1295 regni
521 1211 719 1294 reliquerat,
749 1212 831 1276 dato
856 1213 966 1294 pretio
990 1222 1024 1276 et
1045 1216 1140 1278 resti·
1263 1208 1268 1218 ’

187 1319 268 1377 tuta
289 1313 455 1377 Damiata
476 1312 659 1376 Saracenis
678 1311 856 1386 liberatur,
878 1331 948 1375 nna
969 1331 1047 1375 cnm
1071 1314 1142 1378 fra-

190 1413 300 1477 tribus
321 1420 357 1477 et
372 1411 450 1476 aliis
472 1411 699 1492 concaptivis,
716 1411 788 1493 qui,
806 1412 957 1474 remissis
974 1412 1009 1474 in
1027 1412 1138 1476 Fran·

187 1511 278 1576 ciam
298 1512 473 1588 fratribus,
498 1511 737 1575 transfretavit
758 1510 794 1573 in
808 1508 954 1589 Achon3
979 1512 1079 1596 cujus
1097 1532 1138 1577 ac

188 1612 370 1677 civitatum
388 1604 539 1694 ¹Joppes
559 1617 593 1674 et
612 1609 749 1673 Sidonis
766 1629 882 1673 muros
902 1629 1079 1691 reparans,
1104 1613 1138 1675 in

189 1718 283 1775 terra
301 1710 364 1776 illa
383 1730 444 1794 per
458 1710 728 1793 quinquennium
747 1728 877 1772 moram
896 1709 987 1773 tecit.
1040 1711 1140 1774 Tem-

190 1811 331 1893 poribus
360 1810 546 1886 Frederici,
578 1809 613 1872 in
643 1808 846 1890 Burgundio
872 1810 1054 1891 imperiali,
1080 1831 1141 1892 per

189 1919 316 1975 terram
329 1909 478 1974 solutam
493 1927 515 1971 a
528 1910 702 1972 montibus
717 1909 853 1973 circiter
867 1911 1019 1991 quinque
1033 1910 1140 1973 millia

189 2008 365 2074 hominnm
394 2008 617 2073 suffocantur.
665 2007 757 2072 Nam
786 2028 874 2072 unus
907 2029 1005 2072 mons
1030 2011 1141 2073 maxi-

189 2127 280 2185 mus,
305 2128 343 2173 se
373 2107 529 2172 dividens
561 2109 604 2172 ab
631 2107 709 2172 aliis
733 2109 917 2184 montibus,
950 2128 1011 2191 per
1040 2110 1141 2190 plura

190 2207 351 2272 milliaria
361 2207 540 2292 cujusdam
551 2208 653 2272 vallis
667 2206 820 2271 cadendo
832 2227 870 2272 se
881 2208 1083 2285 extendens,
1096 2209 1139 2272 ad

189 2306 278 2372 allos
298 2314 432 2372 montes
454 2309 609 2382 accessit,
633 2326 752 2371 omnes
770 2305 804 2369 in
824 2306 914 2370 valle
930 2307 1031 2370 villas
1049 2315 1141 2372 terra

189 2414 226 2472 et
242 2406 415 2490 lapidibus
431 2407 626 2490 operiendo.
680 2406 732 2470 Eo
748 2406 851 2470 etiam
873 2414 1039 2488 tempore,
1064 2426 1138 2489 reg.
1153 2425 1270 2514 leste

189 2513 296 2571 nante
318 2526 400 2589 rege
419 2506 582 2571 castellae
603 2505 834 2582 Fordinando,
856 2506 891 2569 in
909 2505 1033 2569 Toleto
1056 2487 1249 2570 His-iai'.”'⁸

109 2618 112 2623 ·
189 2606 316 2687 paniae,
347 2606 493 2671 Jndaens
525 2607 677 2688 quidam,
711 2599 987 2669 ²comminnendo
1021 2626 1140 2688 rupem

188 2723 294 2769 unam
316 2726 380 2789 pro
396 2706 499 2770 vinea
521 2704 730 2788 amplianda,
752 2705 787 2768 in
810 2705 923 2768 medio
945 2704 1070 2787 lapidis
1092 2706 1141 2769 in-

189 2805 286 2869 venit
309 2806 561 2870 concavitatem
590 2824 707 2881 unam,
732 2805 860 2869 nnllam
888 2805 1025 2887 penitus
1052 2806 1139 2868 divi·

188 2904 319 2969 donem
344 2904 527 2969 habentem
556 2912 617 2968 aut
641 2905 837 2980 scissuram,
863 2912 898 2968 et
923 2905 958 2967 iu
979 2906 1140 2969 concavi-

190 3010 265 3069 tate
284 3004 345 3068 illa
368 3004 494 3087 reperit
515 3024 620 3067 unum
645 3004 767 3067 librum
795 3004 894 3087 quasi
918 3004 1003 3068 folia
1026 3003 1140 3085 lignea

190 3102 389 3184 babentem3
413 3097 486 3186 ³qni
503 3103 590 3167 liber
606 3104 716 3167 tribus
734 3103 861 3184 linguis
875 3104 1035 3184 scriptus,
1045 3104 1140 3168 vide·

189 3202 273 3267 licet
304 3202 490 3279 Hebraico,
521 3200 656 3279 Graece,
688 3209 723 3266 et
753 3202 889 3277 Latine,
925 3209 1059 3265 tantum
1097 3203 1140 3265 de

189 3300 307 3367 littera
340 3302 489 3367 habebat
519 3310 685 3385 quantum
719 3321 824 3364 unum
853 3300 1075 3375 Psalteriurn,
1103 3309 1139 3364 et

189 3400 397 3485 loquebatur
419 3402 462 3466 de
486 3401 612 3484 triplici
631 3401 757 3464 mundo
775 3401 819 3462 ab
836 3398 950 3463 Adam
969 3418 1077 3481 usque
1096 3400 1140 3463 ad

191 3498 456 3578 Antichristum,
473 3501 702 3583 proprietates
722 3499 896 3562 hominum
921 3498 1140 3582 uniuscnjus-

189 3619 258 3684 que
275 3601 391 3664 mundi
406 3599 642 3684 exprimendo.
697 3600 907 3682 Principium
925 3618 1005 3662 vero
1022 3599 1141 3664 muudi

190 3700 284 3765 tertii
310 3701 427 3783 posuit
445 3701 481 3763 in
503 3699 668 3763 Cnnlsro
693 3701 764 3763 sio:
793 3699 856 3763 ‘In
884 3699 987 3763 tertio
1016 3701 1141 3763 mundo

191 3799 303 3864 Filius
332 3800 401 3863 Dur
434 3808 595 3864 nascetur
626 3819 669 3863 ex
692 3799 837 3880 Virgine
862 3799 989 3874 Maria,
1014 3805 1049 3861 ct
1079 3819 1141 3881 pro

189 3898 304 3963 salute
321 3900 496 3964 hominum
514 3899 688 3982 patietur.'
731 3898 832 3978 Quod
850 3898 968 3979 legens
984 3897 1007 3961 J
1012 3898 1141 3973 udaens,

227 4107 235 4136 ¹
252 4108 296 4157 All
306 4108 349 4158 tbe
361 4108 438 4159 MSS.
449 4109 529 4159 bave‘
538 4103 640 4171 ioppe!
660 4140 662 4145 -
713 4104 724 4135 ⁸
738 4108 849 4169 ‘quibus
859 4109 940 4156 tribus
957 4106 1052 4167 linguis
1064 4107 1142 4172 scrip·

188 4252 213 4298 a
223 4174 395 4298 ¹1:0evando,
416 4174 591 4239 mutereud03'
611 4179 651 4228 Ill.
678 4178 711 4225 tis
721 4172 735 4237 3¹
747 4176 794 4227 Ar.
