2948 4942
340 435 407 502 384
691 455 766 505 uro.
792 455 940 504 rnrvnm

179 624 286 666 noenu·
341 629 443 692 posse
476 610 617 692 gloriari
649 630 688 675 se
726 630 825 693 reges
855 609 1048 692 Anglorum
1090 629 1178 687 esse,
1213 629 1292 673 cum

177 675 283 776 ἶῖιῖιοῗα
341 718 439 773 tanta
463 710 601 774 honoris
621 710 854 793 praerogativa
875 710 1082 786 fruerentur,
1102 709 1195 792 quod
1211 711 1292 772 sub-

336 807 466 892 jectam
494 809 659 874 haberent
691 817 744 874 tot
782 829 902 892 regum
929 810 1132 891 potentiam.
1203 807 1291 873 Post

340 907 470 972 dictum
500 909 677 990 Edgarum
699 910 894 973 successive
926 915 1161 990 regnaverunt
1191 927 1292 990 reges

343 1006 492 1089 Angliae,
510 1008 546 1071 S.
563 1007 755 1072 Edwardus
771 1018 915 1091 martyr,
938 1006 1168 1072 Etheldredus
1184 1007 1293 1071 frater

339 1106 427 1190 ejus,
461 1107 663 1170 Edmundus
689 1107 802 1171 dictus
832 1101 1024 1171 ¹Ireneside
1051 1107 1142 1170 filius
1173 1106 1292 1171 Ethel-

340 1206 448 1282 dredi,
473 1215 509 1269 et
530 1200 705 1270 'Hiricius
732 1208 792 1289 qui
824 1226 940 1271 eorum
972 1207 1184 1289 temporibus
1217 1226 1291 1288 reg-

340 1325 420 1368 num
448 1305 575 1370 Scotiae
601 1307 637 1369 in
663 1324 727 1369 sua
754 1306 968 1390 subjectione
998 1305 1141 1388 pacifice
1171 1313 1289 1369 tenue·

340 1413 443 1469 runt:
475 1404 541 1469 boc
562 1405 735 1469 duntaxat
756 1413 915 1488 excepto,
940 1405 1031 1487 quod
1054 1425 1145 1468 anno
1168 1406 1290 1487 quinto

340 1505 472 1569 decimo
495 1505 622 1569 Hiricii
644 1504 813 1587 praedicti,
835 1504 926 1568 idem
949 1504 1105 1568 Hiricius
1137 1504 1289 1568 Scotiam

339 1604 574 1678 rebellantem,
607 1604 828 1686 expeditione
857 1604 940 1668 illuc
968 1603 1085 1680 ducta,
1114 1611 1151 1667 et
1172 1624 1288 1686 regem

339 1702 466 1767 Scotiee
495 1722 603 1785 parvo
625 1704 763 1784 subegit
795 1704 947 1785 negotio,
977 1704 1204 1786 subditusque
1234 1712 1290 1768 est

338 1801 448 1865 eidem
478 1803 663 1884 praedictus
690 1802 910 1867 Malcolmus.
990 1802 1125 1882 Quibus
1159 1802 1291 1867 Hami-

337 1901 403 1964 dus
430 1901 522 1965 tilius
545 1900 672 1965 Canuti
698 1910 733 1968 et
760 1901 1039 1966 Hardakanutus
1065 1902 1172 1966 frater
1199 1902 1289 1986 ejus,

340 2019 427 2064 unus
459 2008 538 2083 post
570 2002 689 2079 alium,
719 2021 817 2083 reges
850 2000 989 2082 Angliae
1021 2009 1288 2080 successerunt3

337 2101 396 2182 qui
413 2101 543 2178 sibiae
567 2102 803 2183 regnantibus,
823 2101 1070 2185 subjectionem
1087 2099 1185 2182 regni
1203 2100 1288 2166 Sco·

337 2200 394 2264 tiae
421 2199 600 2282 pacificam
632 2200 837 2264 habuerunt.
901 2200 1004 2277 Item,
1023 2194 1076 2265 ³8.
1095 2200 1288 2264 Edwardus

336 2319 399 2363 rex
417 2297 555 2381 Angliae
575 2320 719 2382 regnum
741 2300 868 2364 Scotiae
886 2298 1087 2377 Maloolmo,
1104 2299 1175 2364 filio
1194 2301 1287 2382 regis

337 2397 568 2473 Cimbrorum,
586 2398 628 2462 de
646 2419 683 2462 se
699 2398 794 2463 dedit
810 2397 1006 2463 tenendum.

386 2498 516 2575 ‘Item,
542 2498 738 2563 Willelmus
762 2499 966 2575 Bastardus,
999 2518 1062 2562 rex
1092 2498 1242 2581 Angliae,
1267 2519 1290 2563 a

336 2595 524 2661 Malcolmo
554 2618 634 2680 rege
657 2599 795 2675 Scotiae,
818 2605 982 2680 tanquam
1011 2617 1033 2660 a
1060 2618 1124 2661 suo
1148 2598 1287 2663 homine

335 2697 401 2759 sibi
422 2696 573 2774 subdito,
594 2698 721 2780 recepit
741 2697 948 2778 homagium.
996 2696 1287 2773 Item‚Willelmo

337 2794 443 2871 Rufo,
477 2798 552 2877 regi
581 2795 735 2878 Angliae,
765 2796 951 2879 praediotus
984 2796 1194 2861 Malcolmus
1224 2817 1287 2861 rex

335 2894 516 2958 Scotorum
551 2895 751 2975 juramento
786 2895 964 2959 fidelitatis
1000 2896 1176 2980 subjectus
1209 2896 1285 2961 fuit.

336 2992 438 3068 Item,
454 2993 845 3076 praedictusWillelmus
860 2994 1102 3059 Dunevaldum
1118 2995 1161 3059 de
1179 3015 1287 3077 reguo

335 3092 462 3156 Scotiee
488 3113 533 3156 ex
556 3093 663 3176 justis
689 3095 803 3157 causis
826 3095 969 3171 amovit,
997 3102 1034 3158 et
1056 3095 1283 3159 Dunecanum

219 3246 222 3253 .
336 3191 442 3255 filium
475 3192 654 3257 Malcoimi
679 3213 786 3275 regno
815 3194 942 3257 Scotiae
971 3193 1138 3277 praefecit,
1164 3203 1200 3258 et
1235 3215 1286 3258 re

335 3293 426 3374 cepit
453 3292 652 3357 fidelitatem
686 3294 729 3356 ab
760 3313 802 3356 eo
834 3301 870 3356 et
892 3293 1150 3376 juramentum
1178 3294 1285 3358 dicto

336 3410 403 3473 que
421 3392 611 3457 Duneoano
634 3392 752 3456 dolose
771 3401 958 3475 perempto,
981 3392 1095 3457 dictus
1112 3413 1172 3456 ror
1200 3413 1286 3476 prae·

335 3489 444 3553 satum
471 3491 725 3568 Dunevaldum,
748 3492 807 3574 qui
834 3492 958 3554 iterum
983 3512 1127 3573 regnum
1156 3492 1284 3556 Scotiae
1381 3538 1388 3549 ·

335 3589 523 3665 invaserat,
549 3592 680 3655 amovit
697 3593 741 3655 ab
764 3591 896 3666 eodem,
917 3598 954 3654 et
976 3591 1151 3673 Edgarum
1176 3591 1285 3655 filium

334 3686 416 3751 dicti
449 3688 626 3753 Malcolmi
657 3710 772 3771 regem
801 3690 927 3755 Scotiae
959 3692 1150 3765 coustituit,
1177 3699 1213 3754 et
1240 3692 1287 3754 ei·

334 3786 411 3850 dem
434 3807 576 3868 regnum
600 3789 685 3852 illud
709 3790 873 3868 donavit3
900 3791 955 3855 cui
984 3791 1152 3854 successit
1173 3790 1285 3855 Alex·

334 3887 440 3950 ander
456 3887 546 3951 filius
571 3888 701 3970 Edgari
719 3909 889 3954 consensu
912 3891 1005 3970 regis
1022 3887 1162 3972 Angliae
1185 3889 1286 3953 Hen-

332 4167 341 4194 ι
369 4092 584 4182 ¹‘Yrensyde5'
620 4098 679 4146 Cod.
710 4100 794 4161 Regu:
855 4095 1285 4159 ’‘sauctusdictueEdwardue3'

821 4169 937 4217 u·
