2948 4942
225 3096 280 3145 Pope
289 3095 354 3134 Boul-

224 3146 361 3186 laeeexeom-

224 3197 343 3235 munterte·

224 3247 261 3285 the
271 3247 351 3285 French

224 3296 283 3344 king.

393 421 459 484 378
757 440 830 486 ruc.
848 439 996 486 rnrvnrr

394 597 537 676 cerum,]
554 615 632 678 quae
652 604 734 660 sunt
755 597 854 660 utilia
869 597 970 661 valde
985 616 1105 679 regno.
1158 595 1262 661 Circa
1279 597 1348 660 ses-

395 706 467 760 tum
491 717 573 760 vero
596 697 687 760 beati
716 697 864 760 loannis
894 698 1065 780 Baptistae
1093 696 1265 778 profectus
1294 705 1349 761 est

394 796 427 858 in
461 796 625 873 Scotiam,
653 798 712 861 ubi
746 796 841 861 initis
866 800 997 880 treugis
1027 815 1137 878 usque
1160 796 1348 860 Pentecos-

394 904 461 959 tem
478 905 688 979 sequentem,
698 898 734 959 in
752 896 916 978 Angliam
934 906 988 961 est
1003 916 1172 961 reversus.
1215 896 1348 959 Eodem

393 1015 485 1059 anno
514 1005 688 1059 natusest
709 997 782 1078 regi
804 1015 848 1059 ex
873 998 994 1078 regina
1016 996 1220 1077 Margareta
1239 995 1346 1071 filius,

392 1115 492 1177 quem
519 1095 689 1159 Thomam
713 1097 862 1160 vocavit.
914 1096 1040 1161 Comes
1068 1095 1347 1173 Flandriaecum

392 1196 464 1258 suis
499 1194 627 1259 dedens
655 1216 692 1259 se
719 1194 845 1259 Garolo
870 1197 987 1260 comiti
1013 1195 1158 1272 Valesii,
1189 1195 1348 1258 Parisios

392 1294 530 1359 ducitur
557 1314 635 1359 cum
658 1295 792 1358 duobus
811 1295 903 1372 filiis,
927 1304 964 1360 ot
985 1294 1076 1377 apud
1094 1293 1347 1377 Compendium

392 1393 427 1456 in
456 1394 612 1459 custodia
645 1394 830 1458 detinetur.
883 1395 1056 1459 Radullus
1084 1394 1177 1458 filius
1208 1393 1347 1457 Alberti

393 1495 484 1574 regis
503 1493 739 1557 Romanorum
761 1494 940 1572 Blaucam,
955 1515 1107 1559 sororem
1123 1495 1217 1576 regis
1235 1493 1348 1556 Fran-

391 1591 467 1669 ciae,
501 1593 645 1657 Parisiis
680 1592 914 1677 desponsavit.
990 1594 1154 1659 Saraceni
1189 1593 1346 1656 Luceriae

391 1692 486 1755 urbis
504 1691 653 1774 Apuliae,
678 1695 742 1757 sub
760 1694 889 1758 tributo
907 1694 998 1776 rogis
1022 1694 1149 1758 Siciliae
1172 1694 1345 1769 viventes,

390 1793 483 1873 capti
501 1800 677 1855 necantur.

442 2291 537 2356 Rnc1
565 2289 759 2373 Anglomm
787 2290 956 2354 secundus
985 2310 1030 2354 ex
1053 2291 1175 2372 regina
1203 2292 1347 2375 Marga-

392 2399 467 2457 reta
495 2393 649 2455 nascitur
668 2391 772 2466 filius,
798 2409 900 2472 quem
924 2390 1062 2454 vocavit
1087 2390 1344 2457 Eadmundum.

391 2490 610 2573 Apamiensis
642 2490 824 2572 episcopus
860 2489 904 2552 de
937 2489 1191 2573 conspiratione
1221 2503 1343 2557 contra

390 2611 505 2672 regem
538 2592 750 2654 Francorum
785 2598 981 2666 accusatus,
1015 2597 1051 2653 et
1080 2590 1125 2653 ad
1141 2639 1143 2643 «
1160 2592 1252 2672 regis
1284 2611 1342 2656 cu·

390 2690 474 2753 riam
510 2699 666 2766 vocatus
703 2691 738 2752 in
780 2688 936 2752 custodia
965 2688 1148 2752 detinetur.
1217 2690 1344 2755 Mense

390 2809 472 2853 vero
497 2783 708 2853 ¹Fobruario
732 2788 775 2851 ad
800 2788 1001 2852 mandatum
1023 2788 1149 2852 domini
1173 2809 1274 2872 papae
1300 2791 1343 2855 li·

388 2888 539 2964 beratus,
561 2889 705 2971 jubetur
728 2906 798 2950 una
825 2907 902 2951 cum
932 2889 1053 2952 nuntio
1079 2888 1209 2953 domini
1236 2910 1340 2974 papae

388 3007 530 3069 regnum
555 3006 724 3051 evacuare
747 2986 836 3051 inira
868 2995 999 3051 certum
1019 2988 1201 3051 terminum
1220 3008 1241 3052 a
1259 3011 1342 3073 rege

387 3087 578 3168 praefixum.
642 3087 742 3169 Papa
774 3086 975 3151 Bonisacius
1004 3107 1122 3151 omnes
1153 3090 1286 3170 gratias
1317 3112 1341 3156 a

387 3207 424 3250 se
449 3188 504 3251 vel
532 3207 554 3251 a
584 3187 893 3270 praedecessoribus
921 3187 994 3250 suis
1024 3207 1204 3252 concessas
1229 3189 1342 3254 Fran-

387 3306 504 3350 corum
521 3287 660 3370 regibus
682 3287 870 3363 revocavit,
892 3293 928 3350 et
947 3287 982 3349 in
1003 3287 1146 3351 eundem
1167 3290 1237 3353 cito
1258 3301 1340 3373 post

386 3387 752 3451 excommunicationis
768 3386 974 3450 sententiam
992 3386 1204 3452 fulminavit:
1233 3409 1341 3472 quam

386 3494 502 3550 tamen
521 3490 594 3569 regi
609 3506 709 3551 nemo
725 3504 830 3549 ausus
849 3494 902 3549 est
916 3487 1088 3565 nuntiare,
1105 3488 1160 3551 vel
1176 3488 1212 3551 in
1230 3509 1340 3571 regno

388 3586 545 3650 Franciae
566 3588 751 3669 publicare.
807 3585 905 3649 Fecit
924 3585 1029 3650 etiam
1051 3587 1150 3650 citari
1172 3588 1340 3670 praelatos

385 3704 503 3748 omnes
539 3685 581 3750 de
612 3705 719 3767 regno
756 3685 926 3762 Franciae,
956 3704 1019 3748 nec
1051 3706 1119 3750 uon
1152 3696 1187 3750 et
1219 3708 1342 3754 omnes

384 3785 570 3865 magistros
597 3786 633 3847 in
652 3784 839 3865 theologia,
864 3793 899 3848 et
918 3784 1051 3868 injure
1076 3792 1147 3849 tam
1170 3791 1340 3854 canonico

383 3904 488 3966 quam
515 3885 620 3961 civili,
648 3893 686 3948 ut
715 3904 830 3947 coram
857 3904 897 3948 eo
919 3878 1087 3965 ²[Romae
1110 3886 1162 3968 iu]
1186 3888 1342 3954 calendis

382 4083 521 4132 andWals.
535 4085 595 4133 Ced.
604 4085 670 4146 Rrg.
679 4084 753 4133 reads
764 4083 848 4133 ‘chru-
911 4081 917 4111 ¹
937 4080 1021 4134 Hall’s
1048 4086 1216 4138 arnendmeut.
1278 4093 1340 4141 Cod.

381 4157 462 4200 tarum
471 4149 485 4212 3'
493 4154 544 4202 and
555 4155 594 4203 M.
598 4169 640 4216 ,as
650 4157 676 4203 in
687 4160 743 4203 note
752 4151 771 4216 ²,
779 4157 786 4181 ‘
793 4169 848 4203 oar-
876 4157 940 4216 Rtg.
951 4154 998 4203 has
1009 4156 1017 4183 ‘
1027 4155 1177 4205 Februarii!

383 4222 541 4271 erratorum!
908 4223 1102 4273 ’Thisisfrom
1113 4225 1161 4276 Ar.
1173 4230 1232 4277 220.
