2948 4942
396 430 463 495 394
763 448 999 496 alermum

235 619 371 661 memma
399 604 493 667 ribus
524 601 807 684 irrefragabiliter
838 596 1059 679 ¹observatae,
1086 601 1352 685 responderunt,

235 681 326 762 ffi.
399 702 678 785 antrespondere
694 702 876 767 debebant.

450 802 575 866 ‘Unde
608 801 726 866 habito
753 808 905 866 tractatu
937 809 973 865 et
995 799 1241 866 deliberatione
1274 801 1351 866 dili·

399 902 496 983 genti
522 921 627 983 super
655 902 827 965 contentis
855 902 891 965 in
919 901 1045 965 litteris
1072 901 1197 965 vestris
1220 921 1351 966 memo-

399 1001 497 1077 ratiS,
528 1001 730 1078 communis,
753 1018 908 1077 concors,
934 1008 970 1064 et
998 1000 1170 1064 unanimis
1195 1001 1349 1065 omnium

398 1108 594 1164 nostrorum
621 1107 656 1164 et
678 1100 893 1181 singulorum
913 1118 1102 1163 consensus
1124 1098 1199 1177 luit,
1222 1106 1287 1176 est,
1313 1109 1351 1164 et

399 1200 465 1263 erit
487 1199 700 1277 inconcusse,
723 1199 803 1263 Duo
823 1199 985 1282 propitio,
1011 1199 1047 1263 in
1071 1199 1236 1276 firtnrum,
1254 1200 1348 1282 quod

399 1298 564 1380 praelatus
581 1297 739 1362 dominus
760 1307 878 1363 noster
894 1317 956 1361 rex
979 1317 1083 1380 super
1095 1298 1233 1380 juribus
1251 1300 1349 1381 regni

399 1397 538 1475 Scotiae,
564 1406 626 1462 aut
653 1398 730 1461 aliis
758 1399 831 1462 suis
863 1397 1121 1480 temporalibus,
1150 1398 1349 1462 nullatenus

399 1497 606 1579 respondeat
628 1497 840 1581 judicialiter
868 1516 984 1561 coram
1018 1497 1128 1574 vobis,
1162 1516 1227 1560 nec
1253 1497 1350 1581 judi-

397 1596 488 1659 cium
513 1598 637 1660 subeat
664 1616 805 1678 quoquo
831 1596 946 1673 modo,
972 1604 1033 1660 ant
1056 1596 1140 1679 jura
1161 1614 1227 1659 sua
1256 1616 1347 1679 prae·

396 1695 490 1758 dicta
507 1694 541 1758 in
559 1695 699 1758 dubium
715 1696 918 1777 quaestionis
932 1695 1092 1771 deducat,
1113 1714 1176 1758 nec
1193 1695 1238 1759 ad
1258 1715 1347 1777 prae-

395 1795 541 1858 sentiam
558 1803 709 1858 vostram
728 1802 970 1876 procuratores
987 1802 1049 1859 aut
1062 1794 1201 1859 nuntios
1217 1795 1262 1859 ad
1280 1795 1347 1861 hoc

396 1894 535 1972 mittat3
578 1894 752 1976 praecipue
782 1913 861 1957 cum
885 1894 1065 1977 praemissa
1092 1894 1252 1960 cederent
1275 1915 1348 1959 ma-

396 1992 520 2056 nifeste
551 1993 587 2055 in
620 1992 921 2058 exheredationem
951 1993 1043 2078 juris
1076 2013 1211 2058 coronae
1244 1996 1346 2077 regni

396 2089 548 2173 Angliae‚
573 2099 609 2155 et
629 2093 735 2173 regiae
756 2091 948 2174 dignitatis,
971 2111 1012 2156 ac
1032 2092 1069 2155 in
1088 2093 1348 2158 subversionem

395 2197 509 2255 status
531 2190 684 2274 ejusdem
705 2192 803 2272 regni
825 2191 1008 2269 notoriam,
1034 2211 1098 2256 nec
1116 2193 1235 2256 nonin
1258 2213 1347 2276 prae-

391 2289 560 2374 judicium
576 2291 758 2367 libertatis,
782 2291 1080 2369 consuetudinum,
1097 2300 1133 2356 et
1148 2292 1264 2373 legum
1283 2313 1347 2375 pa·

396 2396 592 2468 ternarum;
625 2390 668 2454 ad
696 2409 840 2472 quarum
867 2391 1144 2455 observationem
1165 2399 1201 2455 et
1229 2390 1346 2456 desen·

392 2490 521 2553 sionem
549 2508 593 2552 cx
621 2489 737 2553 debito
771 2490 918 2572 praestiti
938 2490 1127 2573 juramenti
1156 2489 1343 2574 adstringi·

394 2607 481 2665 mur,
505 2596 539 2651 et
561 2607 641 2670 quae
667 2608 771 2651 manu
794 2589 984 2653 tenebimus
1007 2596 1081 2654 toto
1110 2609 1224 2671 posse,
1243 2594 1345 2655 totis·

393 2707 460 2768 que
483 2688 613 2751 viribus
638 2707 715 2751 cum
734 2688 806 2752 Dni
827 2689 959 2752 auxilio
981 2688 1213 2754 defendemus.
1267 2690 1345 2755 Nec

393 2788 496 2849 etiam
523 2787 754 2867 permittimus
780 2794 841 2851 ant
870 2787 1068 2869 aliqualiter
1092 2790 1344 2870 permittemus,

392 2885 483 2947 sicut
505 2904 567 2948 nec
587 2904 771 2966 possumus
793 2906 856 2950 nec
879 2885 1053 2963 debemus,
1072 2889 1251 2969 praemissa
1270 2898 1344 2954 tam

392 2983 545 3060 insolita,
573 2984 737 3060 indebita,
772 2985 1031 3069 praejudicialia‚
1064 2995 1100 3050 et
1128 2987 1216 3051 alias
1245 2989 1344 3053 inau-

393 3081 466 3147 dita
486 3083 703 3165 praelibatum
724 3085 898 3148 dominum
916 3094 1070 3149 nostrum
1086 3105 1200 3168 regem
1218 3085 1342 3172 (etiam

392 3183 420 3244 si
451 3180 572 3267 vellet)
598 3184 722 3260 facere,
752 3204 813 3248 seu
846 3184 947 3248 modo
975 3184 1130 3266 quolibet
1155 3194 1342 3253 attentare.

392 3281 567 3360 Quocirca
591 3284 768 3347 sanctitati
796 3292 922 3348 vestrae
950 3293 1145 3348 reverenter
1173 3294 1209 3350 et
1232 3287 1345 3351 burni-

391 3381 471 3446 liter
503 3383 749 3465 supplicamus,
780 3391 950 3465 quatenus
983 3384 1128 3448 eundem
1163 3384 1343 3450 dominum

392 3490 547 3545 nostrum
575 3502 704 3564 regern,
729 3483 788 3565 qui
816 3484 906 3546 inter
940 3483 1027 3547 alios
1053 3484 1226 3567 principes
1249 3487 1343 3550 orbis

392 3587 493 3644 terrae
513 3580 719 3645 catholicum
746 3602 784 3645 se
805 3582 955 3657 exhibet,
979 3590 1013 3646 et
1038 3583 1207 3648 Romanae
1233 3586 1342 3649 eccle·

391 3679 452 3741 siae
481 3679 656 3756 devotum,
676 3681 758 3764 jura
787 3701 850 3745 sua
878 3690 913 3746 et
938 3682 1128 3760 libertates,
1156 3693 1342 3749 consuetu-

391 3777 501 3854 dines
532 3786 568 3842 et
598 3779 692 3859 leges
728 3780 925 3863 praedictas,
957 3782 1086 3863 absque
1116 3782 1343 3849 diminutione

391 3885 427 3941 et
460 3877 711 3960 inquietatione
745 3882 888 3962 pacifice
919 3881 1107 3964 possidere,
1139 3901 1180 3946 ac
1206 3883 1344 3950 illibata

390 3978 572 4058 persistere
589 3979 770 4060 benignius
789 3973 1023 4061 permittatis.²

424 4151 431 4182 ¹
451 4150 623 4213 ‘observares
635 4156 675 4203 M.
881 4158 968 4220 sigilla
995 4163 1090 4220 nocua,
1118 4163 1169 4207 tam
1192 4174 1239 4221 pro
1261 4163 1346 4225 nobis,

423 4221 498 4272 ²‘In
522 4225 596 4285 cujus
619 4226 656 4273 rei
680 4226 850 4276 testimonium
880 4243 956 4289 quam
968 4242 1014 4289 pro
1024 4233 1077 4279 tota
1089 4230 1267 4280 communitate
1278 4247 1346 4293 pra·
