2940 4950
702 455 775 502 Nlo.
793 454 943 502 rutvss'rr

421 605 478 663 Sed
491 615 560 672 tua;
580 624 636 662 non
651 624 716 672 una,
731 605 781 663 sed
795 605 908 682 publica
920 606 1021 663 mortis
1034 605 1141 681 imago.

420 702 448 760 Ο
463 701 585 758 Veneris
599 701 757 778 lacrymosa
769 701 839 768 dies,
854 701 883 759 0
899 701 993 759 1sidus
1008 702 1161 759 amaruml

420 798 475 855 Illa
489 799 549 855 dies
563 808 612 854 tua
626 816 681 855 nox
696 798 760 865 suit,
774 807 804 855 et
818 797 917 855 Venus
931 797 982 855 illa
992 817 1147 855 vencnum.

419 894 473 951 Illa
488 894 565 951 dedit
578 893 690 962 vulnus,
707 894 757 951 sed
771 894 910 971 pessimus
924 893 973 951 ille
988 893 1109 962 dierum,

420 991 534 1048 Primus
548 990 583 1047 ab
598 989 756 1059 undecimo,
770 991 819 1067 qui
832 991 899 1048 vitae
913 990 1040 1060 vitricus,
1055 991 1149 1067 ipsam

420 1087 548 1153 Clausit;
568 1095 687 1162 uterque
701 1086 762 1143 dies
775 1086 917 1143 homicida
930 1085 1082 1164 tyrannide
1095 1086 1180 1143 mira.

419 1183 546 1258 Trajeoit
560 1182 671 1239 clausus
686 1182 841 1250 exclusum,
857 1191 950 1240 tectus
964 1190 1105 1259 apertum,

421 1280 562 1337 Providus
576 1280 718 1336 incautum
732 1278 824 1346 miles,
838 1279 965 1336 munitus
979 1279 1119 1336 inermem

423 1377 462 1434 Et
476 1377 620 1453 proprium
636 1394 741 1451 regem.
783 1375 878 1438 ⁹Quid
892 1374 984 1443 miles,
998 1375 1107 1452 perfide
1122 1375 1234 1436 miles?

422 1472 555 1529 Perfidiae
571 1470 661 1538 miles,
676 1469 768 1547 pudor
782 1469 870 1539 orbis,
883 1470 968 1527 unica
982 1470 1080 1528 sordes

422 1567 536 1624 Militiae
549 1566 639 1634 miles,
653 1585 789 1623 manuum
803 1565 916 1624 factura
929 1585 1055 1636 suarum,

422 1664 533 1720 ³Ausus
543 1683 573 1720 cs
583 1663 637 1720 hoc
648 1664 676 1719 in
687 1682 752 1719 eum
762 1661 875 1720 scelus?
897 1661 953 1719 hoc
961 1662 1056 1719 scelus
1065 1662 1144 1720 istud
1154 1683 1186 1721 es
1197 1665 1304 1723 ausus?

423 1759 450 1817 0
462 1758 542 1816 dolor
553 1760 560 1817 l
584 1760 612 1818 O
624 1758 774 1836 plusquam
787 1758 885 1816 dolori
909 1758 938 1816 0
947 1759 1043 1817 morsi
1067 1759 1095 1817 0
1106 1760 1270 1818 truculenta

423 1855 507 1912 Mors
520 1857 527 1913 l
551 1875 627 1913 esses
641 1856 750 1912 utinam
764 1874 841 1911 mors
855 1864 977 1912 mortua.
1011 1854 1090 1918 Quid
1102 1858 1268 1926 meministi,

423 1952 504 2008 Ausa
517 1953 597 2009 nefas
612 1951 746 2008 tautum?
768 1949 874 2028 placuit
888 1951 940 2008 tibi
953 1949 1056 2008 tollere
1070 1950 1171 2020 solem,

424 2047 463 2104 Et
476 2049 600 2104 tenebris
615 2047 749 2103 damnare
763 2046 880 2104 solum?
904 2045 966 2104 Scis
980 2065 1065 2123 quem
1080 2048 1225 2125 rapuisti?

424 2143 489 2220 Ipse
503 2144 558 2200 fuit
568 2145 653 2220 jubar
668 2143 696 2198 in
711 2142 810 2210 oculis,
825 2151 854 2199 ct
868 2141 968 2200 dulcor
982 2143 1011 2199 iu
1025 2146 1122 2214 *aura

425 2240 464 2297 Et
478 2249 577 2317 stupor
590 2240 619 2296 in
632 2247 737 2295 mente.
779 2237 863 2296 Mors
877 2239 973 2315 impia,
988 2257 1074 2314 quem
1089 2242 1237 2318 rapuisti?

424 2337 491 2412 Ipse
504 2337 559 2394 suit
573 2335 702 2392 dominus
717 2353 870 2403 armorum,
885 2334 977 2411 gloria
990 2354 1102 2413 regum,

425 2433 545 2490 Deliciae
560 2432 665 2500 mundi,
680 2431 751 2488 nihil
765 2431 869 2489 addere
882 2440 1002 2489 noverat
1016 2431 1103 2490 ultra.

425 2529 490 2604 lpse
503 2529 559 2586 fuit
572 2528 707 2605 quicquid
720 2529 811 2606 patuit
824 2537 944 2586 natura:
966 2528 1016 2585 sed
1030 2528 1102 2585 illud

426 2625 521 2682 Causa
534 2625 588 2681 fuit
603 2644 690 2701 quare
705 2624 840 2701 rapuisti:
866 2644 911 2681 res
926 2625 1064 2702 pretiosas

428 2721 527 2797 Eligis,
542 2731 571 2778 et
584 2720 654 2778 viles
669 2721 750 2797 quasi
765 2720 916 2798 dedignata
929 2721 1076 2797 relinquis.

427 2818 465 2874 Et
481 2818 515 2874 de
529 2827 557 2874 te
572 2817 684 2874 Natura
698 2836 811 2893 queror,
825 2818 892 2894 quia
905 2836 1000 2875 nonne
1013 2817 1094 2875 fuisti

427 2913 506 2969 Dum
520 2914 642 2969 mundus
656 2932 726 2990 puer
740 2922 815 2970 esset
829 2913 930 2980 adhuc,
945 2913 1013 2970 dum
1026 2923 1094 2972 nata
1104 2915 1218 2989 jaceres

428 3009 461 3064 In
477 3010 557 3065 cunis
572 3010 600 3065 in
615 3029 649 3065 eo
664 3009 798 3076 studiosa,
814 3028 867 3066 nec
881 3018 946 3066 ante
960 3020 1104 3067 senectam

429 3104 524 3161 Desiit
537 3104 591 3161 hoc
606 3105 740 3161 studium.
783 3105 844 3164 Cur
857 3105 944 3163 sudor
957 3114 1053 3163 tantus
1067 3105 1096 3162 in
1112 3107 1214 3163 orbem

430 3201 538 3258 Attulit
550 3201 606 3258 hoc
617 3202 730 3269 mirum,
745 3203 769 3258 si
783 3210 840 3259 tam
855 3202 950 3259 brevis
964 3201 1082 3259 abstulit
1096 3202 1194 3261 hora?

431 3299 568 3357 Sudorem
582 3306 691 3355 tantum
706 3298 811 3375 placuit
824 3299 876 3355 tibi
889 3298 1018 3356 ⁵tradera
1031 3298 1147 3367 mundo,

431 3396 470 3453 Et
483 3414 615 3452 revocare
629 3413 744 3451 manum
756 3415 763 3451 ε
786 3395 853 3452 dare
867 3395 916 3462 sic,
931 3403 960 3451 et
973 3393 1073 3452 tollere
1088 3394 1206 3455 donum.

432 3492 492 3549 Cur
505 3490 621 3546 irritasti
634 3489 796 3548 mundum?
818 3499 867 3547 aut
881 3489 967 3547 redde
981 3490 1131 3568 sepultum,

433 3588 493 3644 Aut
506 3587 598 3644 forma
612 3586 731 3643 similem
744 3610 751 3655 ;
775 3586 825 3644 sed
838 3605 897 3644 non
910 3587 962 3643 tibi
976 3587 1100 3664 suppetit
1113 3587 1200 3648 nude.
1255 3620 1267 3640 .

386 3847 395 3879 ¹
412 3849 487 3898 ‘idus
497 3844 511 3908 ;’
524 3847 663 3898 M.etAr.:
681 3848 815 3897 butiuthe
877 3843 1067 3907 “ore3'lYA.

351 3921 426 3968 latter
442 3920 499 3967 MS.
516 3919 644 3967 corrected
662 3914 773 3978 ‘sidus‚’
789 3919 816 3967 in

351 4006 367 4040 a
379 3992 443 4038 later
455 3988 533 4037 hand.
876 3986 887 4016 ⁸
903 3989 1024 4038 ‘tendere
1034 3983 1052 4051 ;’
1064 3989 1104 4040 Μ.
1115 3993 1140 4038 et
1150 3989 1200 4042 Ar.

385 4058 395 4088 ¹
411 4063 418 4089 ‘
429 4060 481 4111 Qui
492 4054 506 4117 ς’
521 4058 579 4107 Cod.
589 4058 652 4118 Reg.

385 4143 396 4174 ³
411 4148 559 4196 ‘Aususcst
567 4144 613 4192 hoc
621 4145 646 4191 in
654 4149 728 4194 euml
746 4145 828 4208 miles,
839 4147 888 4196 hoc
898 4147 984 4196 scelus
995 4145 1065 4195 istud
1076 4159 1104 4194 es
1115 4141 1220 4195 ansus?
1239 4146 1307 4200 Μ.

408 4219 512 4267 ‘Ausus
523 4221 562 4264 est
573 4215 618 4263 hoc
631 4215 657 4262 in
669 4221 742 4264 eum?
759 4216 845 4267 scelus
856 4217 903 4268 hoc
915 4217 1000 4268 seclus
1012 4231 1040 4267 es
1051 4210 1153 4266 ansus?
1170 4217 1219 4267 Ar.
