2940 4950
528 424 712 471 sannaus.
1032 409 1098 473 207

135 579 254 643 sanis:
280 578 371 641 unde
389 579 455 643 tria
471 587 587 643 castra
603 598 681 662 quae
703 581 805 644 beato
827 580 1010 644 Dominico
1034 601 1096 664 pro

137 678 392 743 sustentatione
409 678 554 743 fratrum
570 699 710 742 suorum
728 679 856 743 collata
881 688 992 758 orant,
1013 682 1097 744 data

137 785 221 842 suut
244 779 422 842 sororibus
448 780 647 843 monasterii
671 778 838 842 Pruliaui.
892 780 972 843 Hoc
1004 800 1097 844 auno
1112 798 1245 839 nemovuu

139 876 268 954 clerici,
301 878 361 960 qui
390 877 481 942 iufra
512 885 662 942 castrum
692 879 784 959 regis
809 879 902 960 apud
931 880 1094 944 Veterem
1110 850 1225 947 iiiiii&

139 975 265 1041 Sarum
291 978 490 1053 manebant,
517 996 587 1041 una
614 997 692 1040 cum
726 979 806 1041 sede
838 980 1026 1061 episcopali
1052 980 1096 1042 ad

140 1075 259 1140 villam
285 1076 451 1159 episcopi,
474 1095 552 1158 quae
577 1096 668 1140 nunc
692 1075 796 1141 Nova
812 1078 935 1141 Sarum
957 1078 1096 1156 dicitur,

140 1184 176 1239 et
192 1175 376 1259 privilegio
395 1176 548 1241 civitatis
573 1176 703 1240 donata
723 1185 777 1241 est
793 1197 815 1240 a
831 1198 912 1259 rege
929 1179 1097 1254 Haurico,

140 1275 422 1354 transferuntur3
466 1284 673 1358 procurante
714 1276 891 1358 negotium
934 1278 1096 1359 episcopo

140 1373 392 1440 saresberiensi
418 1373 582 1452 Ricardo,
615 1383 650 1439 et
677 1376 796 1439 eodem
829 1394 910 1459 rege
938 1377 1097 1440 devotius

142 1482 326 1539 anunente.

201 1960 395 2038 lenaeum,
434 1970 544 2026 mater
582 1961 673 2042 regis
710 1959 862 2041 Angliae‚
901 1961 1097 2042 irrequisito
1111 1978 1218 2019 runnu

145 2054 231 2127 ltilio
258 2061 315 2127 vel
343 2061 480 2125 consilii
508 2061 562 2124 sui
593 2080 778 2136 consensu,
807 2059 1038 2124 transfretans
1062 2060 1097 2123 in
1112 2030 1205 2068 ⁹⁰¹⁰¹⁰²

146 2160 312 2239 Galliam,
335 2160 455 2244 nupsit
485 2158 603 2225 comiti
632 2160 811 2236 Marchiae,
839 2159 910 2222 filio
935 2159 1098 2240 Hugonis

145 2262 257 2339 Brun,
274 2262 335 2343 qni
353 2260 473 2325 statim
495 2259 655 2341 qnaedam
678 2266 794 2322 castra
814 2258 907 2339 regis
928 2258 965 2322 iu
981 2257 1099 2321 Picta·

144 2361 204 2426 via
219 2361 255 2425 in
271 2380 376 2425 manu
392 2377 598 2443 expugnans
612 2357 728 2423 valida
739 2357 933 2440 occupavit.
967 2357 1097 2420 Eodem

145 2478 238 2525 anuo
265 2458 462 2524 Willelmns
487 2460 531 2523 do
564 2458 740 2534 Fortibus,
770 2476 884 2521 comes
916 2456 958 2520 de
988 2455 1098 2520 Alba-

148 2559 277 2637 Marla,
299 2560 336 2623 iu
357 2558 524 2623 comitatu
553 2556 742 2621 Lincolniae
767 2557 895 2621 multos
921 2557 965 2619 ad
989 2556 1099 2620 rebel-

145 2658 274 2725 lionem
303 2658 514 2723 commovit:
551 2657 610 2740 qui
643 2656 724 2720 dum
757 2656 800 2720 ad
832 2649 971 2738 ²pacem
1005 2657 1098 2738 regis

147 2760 267 2824 venire
283 2742 485 2835 contemnit,
505 2776 528 2820 a
543 2756 681 2820 domiuo
704 2754 877 2819 Pandulfo
899 2756 1098 2838 apostolicae

147 2858 241 2923 sedis
269 2857 386 2941 iegato
412 2856 779 2922 excommnuicationis
804 2857 978 2920 sententia
1002 2857 1100 2919 inuo-

146 2958 273 3033 datur;
296 2976 398 3039 quem
420 2956 525 3021 etiam
545 2976 607 3020 rox
626 2956 909 3020 cumfautoribus
924 2956 1100 3037 subigens,

147 3056 315 3142 quosdam
330 3055 496 3123 carcerali
513 3056 691 3132 custodiae,
711 3055 878 3138 quosdam
897 3056 1003 3119 exilio
1021 3075 1100 3137 per·

146 3164 254 3241 petuo
285 3156 538 3222 condemnavit.
596 3155 751 3218 Fuerunt
781 3153 919 3237 quidam
951 3154 1010 3218 alii
1037 3155 1101 3218 viri

148 3256 279 3339 magui,
305 3256 365 3339 qui
390 3254 610 3331 munitiones
636 3263 672 3318 et
696 3261 822 3330 castra,
849 3254 1100 3334 possessiones-

149 3375 218 3438 que
234 3355 323 3421 alias
342 3356 434 3437 regis
451 3348 658 3418 ³dominicas
676 3353 807 3437 injusto
831 3351 981 3415 dominio
1004 3371 1100 3414 usur-

148 3456 303 3538 pabant:
329 3456 421 3520 inter
434 3473 522 3537 quos
540 3454 703 3537 praecipui
725 3461 823 3516 eraut
843 3450 1037 3514 Faukesius
1059 3451 1101 3515 de

149 3554 313 3632 Breaute,
328 3555 389 3638 qui
403 3555 587 3619 comitatus
607 3551 921 3634 Northamptoniae,
940 3550 1101 3628 Oxoniae,

147 3653 428 3736 Bukingbamiae,
446 3652 662 3719 Bedefordiae
684 3672 761 3716 cum
784 3651 908 3716 castris
931 3659 966 3716 et
995 3650 1102 3715 sores-

147 3754 193 3821 tis
207 3754 448 3838 adjacentibus
464 3774 473 3833 ;
498 3752 624 3817 Petrus
640 3752 683 3816 de
701 3752 923 3829 Malo-Lacu,
946 3752 1006 3835 qui
1028 3770 1102 3815 cas·

147 3861 203 3919 tre
217 3853 261 3919 de
277 3848 388 3918 *Cori
400 3852 494 3919 etde
512 3852 773 3929 Scbirebourne,
788 3872 863 3916 cum
883 3851 1102 3916 comitatibus

184 4076 271 4127 ''l'bis
291 4078 315 4127 is
338 4077 402 4127 irum
425 4077 464 4125 M.
481 4075 531 4125 aud
550 4074 615 4124 Aa:
675 4073 934 4125 ⁸OmittcdiuD'A.

148 4150 210 4199 cod.
222 4148 288 4210 Reg.
299 4146 347 4196 has
357 4147 365 4174 ‘
375 4142 439 4196 filii!

189 4215 350 4280 '‘pedem;’
362 4214 493 4266 Maur.
676 4213 686 4243 ⁴
702 4215 792 4263 ‘Corie
805 4209 820 4273 ;'
834 4214 871 4261 M.
