2940 4950
508 458 691 509 innuens.
1014 442 1081 507 345

123 626 178 683 ter
193 616 394 694 intuleritis,
411 634 475 679 nos
491 623 593 680 extra
608 635 754 697 regnum
769 616 813 680 ad
827 616 938 681 levem
955 634 1077 698 quam·
1092 625 1186 717 {peppo

121 736 271 799 cumque
304 716 563 799 suggestionem
594 735 657 798 pro
680 716 781 781 libitu
805 725 928 781 vestrm
955 715 1078 779 volun·
1092 729 1191 769 Edward-
1233 787 1235 790 .

121 817 209 881 tatis
233 816 371 880 citando
397 825 433 879 et
459 815 610 879 indebite
628 817 797 894 vexando,
822 827 937 880 castra
959 823 1080 879 nostra

121 924 160 981 et
188 924 300 980 terras
332 923 368 979 et
394 915 632 997 possessiones
657 924 795 980 nostras
824 923 859 979 ct
884 923 1078 980 nostrorum

122 1015 216 1081 infra
236 1035 379 1097 regnum
400 1026 557 1079 nostrum
582 1016 658 1078 sine
684 1017 811 1079 nostris
829 1015 1002 1080 demeritis
1020 1035 1078 1078 oc·

122 1115 299 1199 cupando,
339 1116 431 1179 bona
464 1120 586 1178 nostra
623 1134 665 1178 ac
695 1115 911 1178 subditorum
944 1123 1079 1178 nostro-

124 1233 203 1279 rum
222 1222 293 1279 tam
318 1234 379 1298 per
403 1221 528 1277 terram
551 1232 654 1296 quam
682 1234 743 1298 per
765 1208 876 1279 'mare
900 1214 1076 1300 rapiendo,

123 1325 161 1379 et
182 1312 275 1379 infra
298 1333 441 1397 regnum
460 1322 612 1378 vestrum
630 1315 850 1397 receptando,
868 1323 1078 1378 mercatores

124 1422 162 1479 et
179 1414 269 1478 alios
294 1415 391 1499 regni
406 1414 516 1477 nostri
531 1413 662 1477 incolas
682 1414 881 1491 occidendo,
904 1405 1077 1478 homines·

123 1534 196 1597 que
218 1521 355 1579 nostros
378 1513 421 1577 de
446 1533 552 1595 regno
578 1523 696 1577 nostro
719 1513 886 1579 violenter
908 1513 1078 1578 abducen-

124 1613 184 1691 do,
213 1614 376 1697 ipsosque
398 1613 524 1676 ibidem
548 1613 733 1678 detinendo
761 1620 796 1677 et
818 1614 1076 1678 incarcerando.

124 1713 238 1797 Super
260 1714 385 1796 quibus
405 1713 632 1776 reformandis
655 1714 793 1777 nuntios
822 1721 959 1778 nostros
985 1733 1078 1796 saepe

125 1813 393 1890 transmisimus,
420 1832 499 1895 quae
529 1832 598 1876 non
623 1813 734 1877 solum
761 1813 873 1877 adhuc
901 1821 1078 1878 remanent

125 1912 331 1990 incorrecta,
352 1932 470 1977 verum
494 1913 598 1977 etiam
619 1912 662 1977 de
678 1913 734 1977 die
755 1914 789 1977 in
811 1915 900 1978 diem
923 1934 985 1996 per
1004 1933 1077 1990 vos,

125 2022 162 2077 et
180 2021 326 2089 vestros,
342 2012 512 2096 prioribus
529 2011 701 2077 deteriora
718 2013 948 2078 cumulantur.
1000 2013 1077 2077 Vos

125 2132 275 2195 namque
299 2113 374 2196 jam
407 2132 484 2176 cum
511 2112 752 2177 innumerabili
781 2113 1000 2178 multitudine
1022 2132 1078 2175 ar-

126 2221 312 2289 matorum,
336 2219 451 2276 vestro
470 2215 625 2276 exercitu
648 2212 783 2295 publice
806 2222 1009 2287 convocato,
1032 2213 1076 2276 ad

126 2311 406 2377 exheredandum
440 2332 502 2375 nos
537 2319 572 2375 et
597 2314 694 2394 regni
727 2314 836 2376 nostri
864 2313 1009 2388 incolas,
1032 2313 1076 2376 ad

127 2410 215 2475 fines
237 2412 336 2493 regni
365 2413 474 2476 nostri
501 2411 673 2477 hostiliter
697 2412 905 2489 accessistis,
930 2419 965 2475 et
986 2411 1078 2476 ultra

129 2511 389 2595 progredientes
410 2512 445 2575 in
471 2531 579 2593 regno
604 2525 723 2576 nostro
748 2521 884 2592 strages
907 2524 942 2577 et
963 2512 1078 2574 incen-

127 2610 198 2688 dia,
227 2630 290 2675 nec
323 2630 392 2674 non
425 2610 574 2675 insultus
600 2619 636 2675 et
666 2612 863 2675 invasiones
895 2611 1078 2689 violentas,

128 2718 200 2775 tam
223 2731 286 2793 per
303 2715 432 2776 terram
456 2730 560 2793 quem
586 2732 648 2794 per
671 2731 765 2775 mare
787 2712 1007 2776 commisistis
1024 2712 1077 2774 in-

128 2810 289 2874 humane.
355 2809 432 2873 Nos
463 2810 573 2874 dictas
601 2812 757 2895 injurias,
789 2818 1019 2895 contemptus,
1043 2820 1078 2876 et

129 2910 346 2992 gravamina,
374 2918 409 2974 et
435 2909 573 2988 damna,
602 2931 664 2975 nec
693 2932 761 2976 non
787 2919 822 2975 et
846 2911 988 2976 hostiles
1015 2911 1077 2975 im·

129 3010 363 3092 pugnationes
380 3008 524 3073 ulterius
544 3013 715 3075 sustinere
735 3032 804 3075 non
825 3012 992 3088 valentes,
1014 3032 1078 3075 nec

127 3109 165 3173 in
190 3108 356 3174 fidelitate
385 3116 421 3172 et
446 3108 608 3191 homagio
642 3117 771 3187 vestro,
801 3110 881 3174 licet
912 3132 973 3194 per
1006 3112 1078 3175 vio-

128 3208 258 3273 lentam
275 3201 550 3292 ²impressionem
567 3209 727 3286 extortis,
742 3210 932 3287 manendo;
956 3219 1078 3276 contra

128 3327 193 3373 vos
217 3317 252 3373 et
274 3308 318 3372 ad
340 3307 573 3372 defensionem
597 3317 750 3373 nostram
774 3317 809 3372 ct
838 3310 935 3391 regni
958 3312 1079 3387 nostri,

129 3407 232 3492 cujus
261 3408 450 3472 defensioni
483 3417 519 3474 et
552 3409 692 3473 tuitioni
727 3408 864 3473 vinculo
889 3409 1078 3492 juramenti

128 3526 250 3571 sumus
283 3508 452 3585 adstricti,
486 3527 549 3573 nos
584 3509 742 3572 volentes
773 3509 929 3587 erigore3
971 3507 1080 3572 fideli-

129 3614 237 3672 tatem
256 3614 292 3672 et
306 3600 521 3689 ³homagium
544 3616 615 3672 tam
639 3628 661 3672 a
683 3609 781 3672 nobis
803 3628 905 3690 quam
931 3608 975 3672 ab
1001 3609 1079 3673 aliis

128 3707 392 3790 quibuscunque
419 3708 516 3789 regui
543 3709 653 3771 nostri
675 3709 798 3773 incolis
821 3709 977 3773 fidelibus
1000 3728 1080 3772 nos·

127 3806 205 3884 tris,
220 3806 355 3872 ratione
372 3815 541 3872 terrarum
556 3808 691 3889 quasin
706 3801 842 3873 ⁴nostro
859 3829 966 3890 reguo
985 3817 1079 3872 tene·

127 3907 226 3983 bant,
237 3913 273 3970 et
287 3908 390 3971 etiam
406 3908 539 3971 ratione
552 3908 701 3988 menagii
713 3927 773 3972 seu
786 3909 987 3973 retentionis
1001 3928 1081 3972 nos·

166 4114 174 4146 ¹
190 4117 300 4179 ‘squam
308 4112 324 4179 ;’
336 4118 375 4167 M.
388 4123 411 4166 et
423 4116 471 4167 Ar.
654 4115 665 4149 ⁸
682 4117 817 4179 ‘homagia
825 4112 840 4175 ;’
852 4118 891 4166 M.

163 4184 398 4249 '‘imprenionem
422 4182 594 4249 impressam?

129 4259 190 4319 Ar„
200 4258 249 4309 Ar.
260 4262 320 4321 2⁶2⁰,
332 4258 383 4308 and
395 4258 476 4308 Wals.
489 4261 531 4307 66.
656 4251 665 4279 ⁴
681 4254 688 4280 ‘
698 4256 779 4301 vestm
788 4245 802 4309 3‘
815 4252 853 4301 Μ.
862 4251 942 4301 etAr.
