2940 4950
499 482 683 529 numanus
1006 466 1071 530 169

108 660 212 725 quam
239 643 284 706 de
314 642 415 707 terris
447 643 520 705 suis
551 643 586 705 in
615 661 722 723 regno
757 640 914 703 Franciae
941 639 1071 703 fecerat

109 740 300 807 Lodovico.
353 728 459 806 Unde
484 762 553 806 non
581 742 691 805 multo
721 749 801 823 post
833 740 951 804 habito
978 741 1071 803 inter

108 861 210 923 reges
223 842 397 924 colloquio
414 843 506 906 inter
523 840 721 906 Veroonem
733 850 768 904 et
786 841 934 904 insulam
952 839 1070 903 Ande·

108 940 202 1017 liaci,
231 960 294 1005 rex
326 942 539 1005 Francorum
570 943 770 1006 occasiones
799 959 958 1022 quaerens
989 938 1070 1003 fidei

108 1060 181 1105 non
195 1041 387 1118 servandac,
409 1049 445 1105 et
458 1042 537 1105 initi
553 1040 693 1105 soederis
711 1039 932 1121 infringendi,
954 1059 1068 1121 regern

108 1138 250 1223 Angliae
272 1142 514 1207 submonuisse
537 1141 657 1217 fertur,
683 1148 722 1205 ut
747 1140 892 1203 Parisiis
912 1140 948 1202 in
970 1140 1070 1222 quin-

109 1240 200 1304 dena
234 1240 380 1305 Paschae
413 1249 640 1322 compareret,
676 1260 782 1323 super
810 1239 864 1303 bis
897 1259 974 1321 quae
1009 1239 1069 1303 ad-

108 1358 233 1403 versus
263 1360 342 1405 eum
369 1348 590 1423 proponeret,
620 1360 684 1423 pro
716 1340 843 1403 ducatu
876 1339 1068 1403 britannie

108 1448 145 1504 et
174 1440 342 1505 comitatu
372 1439 498 1504 Ande«r
475 1441 601 1521 gaviae,
634 1458 876 1522 responsurus.
929 1439 1068 1503 AEstate
1083 1451 1222 1541 {pelgkrgh

109 1559 194 1604 vero
209 1541 367 1622 sequenti
385 1540 569 1622 Philippus
588 1540 801 1603 Francorum
822 1558 896 1615 rex,
912 1539 1068 1602 exercitu
1082 1513 1147 1641 *1¹35
1152 1563 1198 1601 us
1192 1554 1235 1591 ιιιιι

107 1638 268 1717 collecto,
293 1639 543 1704 Normanniam
565 1639 761 1720 ingrediens
782 1638 1067 1703 munitiunculam

107 1740 248 1815 evertit,
274 1759 353 1823 quae
376 1734 592 1804 ¹Boteavant
615 1739 751 1803 dicitur.
804 1738 906 1822 Cepit
921 1738 1068 1821 Arguel-

108 1838 195 1916 lum,
213 1839 525 1916 Mortuum-Mare,
549 1833 777 1915 ²Gornacum,
800 1847 978 1921 totamque
1002 1840 1067 1902 sibi

109 1948 239 2003 terram
274 1938 439 2021 Hugonis
472 1939 515 2003 de
549 1938 711 2003 Goruaco
743 1939 892 2019 subegit.
955 1938 1001 2003 Et
1030 1949 1068 2002 ut

111 2039 264 2121 majores
289 2041 361 2121 regi
389 2039 529 2122 Angliae
554 2040 751 2103 inimicitias
775 2040 974 2113 concitaret,
1003 2037 1068 2101 Ar-

113 2136 216 2201 thuro
231 2140 347 2221 nepoti
362 2139 450 2222 ejus,
466 2138 672 2202 militaribus
695 2140 800 2201 armis
823 2140 946 2213 cincto,
962 2139 1068 2201 conri-

114 2244 227 2301 tatum
255 2238 447 2303 Britanniae
473 2238 626 2314 tradidit,
653 2239 858 2320 praecipiens
889 2247 926 2300 ut
953 2236 1070 2302 Pieta-

109 2338 267 2401 vensium
297 2348 333 2403 et
362 2338 667 2420 Andcgavensium
701 2338 765 2400 sibi
797 2337 981 2401 comitatus
1008 2337 1068 2400 ad·

111 2438 274 2518 quireret,
291 2438 457 2503 ducentos
474 2439 504 2501 ei
522 2438 661 2502 tradens
674 2438 709 2501 iu
723 2436 913 2500 subsidium
930 2437 1067 2513 militae,

110 2536 255 2619 insuper
284 2544 320 2602 et
340 2539 497 2621 pecuniae
525 2538 676 2619 largiens
703 2556 864 2618 magnam
887 2556 1066 2600 summam.

109 2633 266 2701 Joannes
280 2656 342 2701 rex
359 2637 512 2719 undique
529 2638 711 2702 lacessitus
726 2636 874 2720 injuriis,
892 2645 1067 2719 resumpto

111 2736 228 2800 animo
260 2737 297 2801 in
325 2736 517 2801 Artburum
546 2746 706 2820 nepotem
739 2756 851 2812 suum,
876 2757 977 2819 quem
1005 2737 1064 2801 do-

109 2836 293 2899 mesticum
323 2836 458 2902 hostem
492 2838 634 2918 gravius
667 2837 810 2914 serebat,
845 2844 880 2901 et
913 2836 1065 2901 fautores

108 2934 199 3018 ejus,
221 2955 367 3019 quorum
391 2937 556 3019 praecipui
582 2946 682 3000 erant
711 2930 838 3018 ³Hugo
866 2937 1004 3001 Bruuus
1031 2946 1065 3000 et

109 3032 291 3100 Galsridus
315 3037 358 3101 de
383 3035 588 3113 Ladunano,
615 3038 787 3100 convertit
807 3038 1007 3113 exereitum,
1030 3046 1065 3101 et

108 3152 184 3198 suae
212 3134 317 3201 saluti
351 3136 531 3201 consulere
558 3137 725 3218 compulit
754 3135 940 3216 fugiend03
976 3157 1064 3218 quos

108 3234 186 3317 ipse
202 3254 271 3300 non
295 3237 449 3319 segniter
469 3236 666 3318 insequens,
688 3237 722 3298 in
748 3244 863 3298 castro
892 3236 1065 3298 Mirabelli

108 3334 257 3412 obsedit,
274 3343 309 3399 et
326 3336 486 3401 obsessos
503 3336 600 3399 brevi
621 3344 774 3417 ternpore
796 3334 838 3397 ad
857 3334 1065 3397 deditionem

108 3434 237 3513 coegit.
298 3434 401 3518 Cepit
429 3443 464 3499 et
489 3443 611 3517 postea
640 3435 872 3497 vicecomitem
904 3433 1065 3497 Lemovi-

108 3552 258 3611 censem,
274 3535 431 3617 aliosque
454 3535 686 3617 quamplures
709 3535 768 3616 qui
791 3535 835 3597 ab
859 3535 934 3617 ejus
958 3533 1065 3596 fideli·

108 3640 184 3697 tate
210 3632 440 3712 desciverant,
464 3634 688 3717 Artburoque
715 3633 928 3698 adhaerentes
952 3634 1064 3716 ipsum

107 3740 232 3797 contra
263 3742 425 3816 patruum
460 3727 761 3812 ⁴concitaverunt3
798 3755 943 3817 quorum
981 3754 1066 3797 non-

108 3832 223 3897 nullos
257 3833 395 3917 trajecit
425 3835 461 3897 in
495 3833 658 3916 Angliam
693 3854 754 3917 per
786 3835 923 3898 diversa
951 3842 1066 3898 castra

143 4062 153 4095 ¹
169 4062 336 4127 ‘Botevant3'
349 4068 388 4116 M.
396 4071 421 4115 et
429 4066 476 4114 Ar.
584 4062 668 4149 lbund
690 4066 718 4115 ol
738 4067 778 4115 his
797 4082 879 4128 queen
900 4068 1001 4127 isabel;
1023 4082 1066 4116 see

143 4132 155 4162 ¹
170 4136 325 4185 ‘Carnutum
331 4134 350 4197 ;'
362 4137 402 4186 Μ.
410 4136 505 4185 etan:
523 4136 574 4185 aud
601 4142 669 4200 ante,
680 4152 705 4198 p.
721 4141 777 4185 167.

107 4204 135 4253 in
145 4204 189 4255 the
200 4204 332 4269 following
343 4206 394 4255 line
405 4206 551 4256 ‘Comata’

143 4271 225 4325 ⁸'l'lie
243 4274 367 4327 elflaneed
390 4290 419 4325 or
439 4278 493 4326 real
515 4276 576 4327 hus·
638 4274 647 4301 ⁴
664 4276 835 4325 ‘concitarent
845 4271 861 4335 ;'
873 4275 912 4323 Μ.
924 4278 948 4323 et
959 4274 1006 4323 Ar.
