2940 4950
575 456 757 505 aurnuns.
1074 442 1141 507 379

184 615 395 681 Novembris
445 615 671 697 personaliter
720 623 969 697 comparerent.
1058 615 1139 680 Rex

185 717 342 780 Franciae
372 715 510 798 publico
539 714 714 797 prohibuit
744 714 868 792 edicto,
900 734 943 778 ne
970 715 1048 797 quis
1075 735 1138 779 au·

184 837 260 880 rum
279 816 334 880 vel
360 823 552 896 argentum,
579 834 640 878 seu
667 833 798 877 merces
824 833 1058 897 quascunque,
1081 835 1139 880 ex-

184 923 340 999 portaret
372 915 414 978 de
449 934 556 996 regno
588 933 665 991 suo,
695 914 759 977 sub
794 914 1027 979 forisfactione
1065 934 1139 978 om·

186 1017 281 1079 nium
296 1016 477 1091 honorum,
495 1013 633 1097 adjecta
653 1012 874 1079 nihilominus
897 1033 1002 1097 poena
1028 1016 1139 1096 gravi.

187 1114 287 1180 Fecit
319 1115 423 1178 etiam
458 1133 576 1177 omnes
610 1107 724 1194 ¹regni
757 1114 874 1177 exitus
908 1122 945 1178 et
976 1115 1139 1179 introitus

186 1214 313 1297 ubique
339 1212 600 1295 diligentissime
630 1212 805 1277 custodiri.
872 1213 970 1297 Papa
1000 1213 1140 1279 Bonifa-

186 1315 261 1378 cius
292 1313 501 1395 legitimavit
534 1313 623 1377 lilios
662 1312 794 1376 Sanctii
833 1313 925 1396 regis
959 1313 1136 1393 Castellae,

187 1413 287 1497 cujus
317 1413 567 1496 primogenitus
597 1411 794 1476 Ferrandus
820 1413 971 1477 obtinuit
995 1433 1139 1496 regnum

188 1512 310 1596 patris.

239 1611 319 1676 Rex
345 1611 486 1694 Angliae
516 1611 782 1694 parliamentum
816 1611 928 1674 tenuit
958 1610 1140 1674 Stansord·
1153 1631 1282 1672 narrante

189 1713 253 1791 iae3
285 1710 329 1775 ad
362 1712 454 1795 quod
487 1717 722 1776 convenerunt
751 1711 894 1774 comites
927 1717 962 1774 et
993 1712 1140 1775 barones
1152 1682 1296 1772 iiiiiii'd'

188 1831 266 1876 cum
294 1812 391 1894 equis
414 1819 450 1875 et
472 1812 589 1888 armis,
617 1831 658 1874 eo
680 1818 720 1874 ut
746 1809 925 1874 dicebatur
949 1813 1140 1894 proposito,
1152 1783 1279 1873 diffidi·
1287 1832 1307 1872 n

190 1919 229 1976 ut
245 1912 503 1976 exsecutionem
523 1910 664 1975 Chartae
679 1909 723 1974 de
742 1910 890 1974 Foresta
903 1910 1070 1976 hactenus
1088 1912 1140 1976 di·
1152 1884 1275 1923 mm

190 2011 296 2076 latam
326 2016 572 2093 extorquerent
610 2009 654 2073 ad
688 2009 838 2091 plenum.
912 2008 992 2073 Rex
1024 2019 1141 2075 autem

190 2130 308 2175 eorum
333 2111 535 2175 instantiam
562 2117 597 2174 et
623 2110 915 2191 importunitatem
947 2109 1141 2188 attendens,

190 2230 309 2274 eorum
331 2210 504 2275 voluntati
526 2210 562 2272 in
583 2209 742 2272 omnibus
763 2207 1019 2273 condescendit.
1070 2210 1140 2274 Eo·
1155 2233 1210 2282 rope
1223 2231 1287 2272 roni.

189 2311 267 2374 dem
302 2328 392 2373 anno
424 2327 515 2393 papa
544 2308 744 2373 Boniiacius
783 2328 845 2391 per
880 2307 1004 2373 Scotos
1036 2285 1282 2373 infor-iiiiiiae·

191 2417 319 2487 matus,
346 2409 420 2491 regi
449 2407 589 2491 Angliae
616 2408 751 2472 litteras
776 2427 858 2471 suas
881 2406 1021 2486 direxit,
1047 2429 1140 2474 asse·
1155 2383 1305 2472 :liiidie

1155 2490 1177 2523 to
1185 2484 1222 2523 the
1230 2494 1266 2522 ru·

191 2528 270 2573 rens
301 2528 446 2591 regnum
478 2508 606 2573 Scotiae
634 2508 678 2572 ad
705 2507 765 2590 jus
794 2507 963 2572 Romanae
988 2509 1142 2574 ecciesiae
1181 2533 1287 2581 nonnas

190 2609 375 2692 pertinere,
406 2627 590 2690 regemque
622 2606 761 2688 Angliae
793 2607 1040 2691 subjectionem
1067 2629 1143 2693 eJns
1171 2584 1262 2623 ⁰⁰⁸¹⁸¹¹⁶'

192 2715 315 2773 contra
345 2708 458 2773 Duuu
492 2716 527 2771 et
553 2708 742 2791 justitiam,
772 2713 808 2770 et
839 2707 874 2770 in
903 2708 1143 2792 praejudicium

192 2807 285 2872 sedis
302 2807 502 2890 apostolicae
520 2808 706 2883 vindicare,
723 2806 875 2872 rationes
890 2807 1046 2890 allegans
1061 2809 1143 2873 sub·

192 2900 383 2991 scriptas2²
1307 2974 1312 2981 ,

239 3006 370 3084 Primo,
399 3007 481 3089 quia
509 3026 586 3070 cum
610 3005 786 3070 Henricus
808 3015 908 3089 pater
929 3008 1022 3087 regis
1044 3008 1145 3073 istius
1158 3033 1300 3074 nnuman..

194 3107 362 3171 auxilium
385 3107 590 3171 obtinuisset
612 3106 648 3168 in
673 3124 799 3187 guerra
825 3114 945 3170 contra
971 3107 1145 3172 Simonem

194 3206 236 3269 de
264 3206 481 3271 Monte-forti
506 3225 528 3270 a
551 3224 631 3286 rege
654 3204 837 3268 Scotorum
862 3203 1076 3284 Alexandro,
1102 3227 1146 3270 ne

195 3304 261 3369 hoc
292 3305 460 3369 auxilium
488 3305 569 3389 jure
600 3303 824 3387 subjectionis
864 3304 1050 3386 cujuslibet
1084 3315 1146 3371 aut

195 3405 303 3469 debiti
331 3405 476 3488 petitum
510 3411 572 3469 aut
605 3403 796 3487 praestitum
832 3411 1024 3485 putaretur,
1055 3403 1143 3468 idem

197 3503 371 3569 Henricus
397 3525 459 3589 per
487 3506 621 3569 litteras
649 3522 732 3567 suas
763 3511 922 3585 patentes
944 3505 1146 3586 recognovit

197 3623 266 3667 non
291 3624 336 3668 ex
363 3605 478 3670 debito
500 3605 681 3686 recepisse,
704 3603 763 3667 sed
787 3623 832 3667 ex
855 3602 970 3685 gratia
991 3605 1144 3688 speciali.

196 3703 340 3781 Iterum,
374 3706 419 3769 ad
454 3703 709 3770 coronationem
747 3703 851 3786 hujus
880 3705 973 3785 regis
1001 3712 1147 3770 vocatus

195 3823 257 3886 per
278 3803 425 3882 litteras,
448 3813 488 3869 ut
511 3805 542 3868 ei
565 3802 784 3886 praesentiam
805 3823 903 3866 suam
933 3805 1146 3869 amicabilem

196 3902 232 3966 in
261 3906 369 3968 tantis
396 3904 571 3970 solemniis
600 3911 766 3986 tanquam
798 3903 929 3967 amicus
958 3905 1146 3979 exhiberet,

232 4156 238 4188 ¹
259 4157 359 4224 ‘regni'
371 4163 394 4210 is
406 4161 510 4211 omitted
522 4162 548 4209 in
560 4162 598 4209 M.
611 4161 660 4211 and
722 4158 733 4187 ²
748 4161 796 4210 See
813 4162 865 4212 this
887 4163 961 4211 letter
977 4167 1005 4211 ut
1020 4164 1105 4226 length
1123 4166 1148 4213 in

195 4229 244 4280 Ar.
256 4235 315 4281 22⁰.
687 4231 763 4281 Hem.
777 4247 802 4293 p.
816 4232 866 4282 1⁷2
876 4239 901 4283 et
912 4247 966 4293 seq·
