2940 4950
537 453 719 503 iuuenes.
1037 438 1103 502 203

147 615 326 679 visionem.
381 612 448 678 Illa
466 630 549 677 vero
563 613 716 678 coelestis
739 612 857 675 unctio
872 613 984 675 virum
1000 630 1100 675 sanc·
1115 625 1259 715 f‘ffl,

146 722 220 778 tum
236 733 306 777 non
322 712 424 776 modo
447 713 606 777 celeriter
627 714 671 776 ab
685 720 772 775 astu
792 712 934 775 febrium
951 712 1102 787 sanavit,

53 822 57 833 “
147 814 210 879 sod
227 821 262 878 et
279 831 417 877 carnem
434 812 512 896 ejus
534 812 584 876 sic
607 812 651 875 ab
671 811 793 875 ardore
817 812 1103 892 concupiscentiae

147 1010 257 1097 (sicut
289 1011 364 1093 ipse
402 1010 516 1075 sessus
545 1019 599 1075 est
634 1006 871 1093 postmodum)
904 1009 1102 1090 pullularet.

148 1110 264 1175 Sanus
290 1118 408 1175 autem
434 1110 577 1175 effectus
610 1108 766 1172 habitum
799 1108 940 1184 ordinis,
967 1108 1103 1192 qualem

148 1210 215 1275 sibi
230 1216 407 1275 ostensum
422 1203 586 1285 ¹viderat,
596 1208 770 1289 suscepit;
794 1215 829 1272 et
845 1208 926 1270 Duo
940 1227 978 1271 se
991 1215 1104 1272 totum

148 1308 308 1385 offerens,
336 1308 560 1391 professionis
591 1306 729 1372 vinculo
759 1306 943 1370 Dominico
973 1326 1011 1370 se
1043 1307 1104 1369 ad·

148 1408 305 1473 strinxit.
356 1407 530 1473 Ricardus
549 1405 776 1471 cicestrensis
795 1406 977 1487 episcopus
996 1414 1105 1469 trans-

147 1506 241 1572 latus
252 1514 424 1589 estusque
434 1506 568 1571 Sarum.
594 1504 691 1569 Obiit
700 1504 897 1570 Willelmus
910 1504 953 1568 do
962 1503 1105 1568 Veruon

148 1625 264 1670 comes
280 1606 458 1670 Devoniee.

172 1812 322 1858 1).Ι.Ι.0.“
397 1817 596 1855 Ρ.ΙΟΙΛΙΟΒῙῘΜ
611 1818 635 1854 ll.
741 1818 896 1853 FRANGORUM
928 1808 1084 1877 lnuotottult

713 1876 1077 1887 ——-—-—-.—-——-—

175 1906 301 1943 nooxvur.
332 1904 440 1941 nouom
451 1904 493 1941 ιιι.
522 1900 711 2011 recusaturus*
742 1904 896 1941 rnrmurrr.
929 1888 1096 1943 'neuntcrun

400 1966 427 2010 2.
600 1964 625 2009 7.
797 1965 837 2010 37.
928 1964 932 2017 i
1005 1967 1029 2010 2.

202 2102 366 2169 Noutues
388 2100 488 2165 multi
517 2099 729 2164 Francorum
755 2109 791 2164 et
814 2099 1020 2182 Auglorum,
1046 2102 1104 2165 de·
1120 2115 1243 2204 *gmffi

152 2202 294 2267 votione
310 2200 438 2283 allecti,
457 2200 766 2282 peregrinationem
783 2200 1104 2281 lerosolymitanam
1119 2175 1217 2255 :lull-¹
1269 2273 1271 2277 ,

153 2308 238 2366 sunt
254 2300 431 2383 aggressu
459 2298 549 2363 iuter
566 2318 652 2380 quos
675 2298 813 2362 suerunt
831 2299 1004 2363 Ranulfus
1023 2298 1106 2364 Ces·

151 2401 232 2465 triae
246 2408 282 2464 et
298 2398 495 2464 Willelmus
511 2399 701 2479 Derebeyae
720 2398 873 2473 comites
893 2399 958 2461 viri
976 2400 1107 2462 strenui

153 2508 189 2565 et
203 2498 337 2563 famosi.
387 2497 543 2562 loannes
565 2517 626 2560 rex
649 2496 857 2574 Jerusalem,
877 2504 912 2561 ot
928 2496 1000 2559 dux
1019 2496 1107 2560 Aus-

151 2598 244 2677 triae,
276 2596 471 2663 coadunato
501 2597 654 2660 exercitu
683 2596 798 2659 valido
821 2616 865 2660 ex
889 2597 1108 2660 multitudine

153 2697 412 2781 peregrinorum
445 2696 624 2760 nationum
657 2695 882 2773 diversarum,
913 2689 1108 2760 civitatem²

154 2795 355 2861 Damiatam
385 2793 604 2858 obsederunt.
673 2793 847 2876 Ceperant
872 2804 987 2860 autem
1014 2796 1109 2878 prius

154 2914 233 2961 cum
258 2894 375 2959 labore
398 2894 551 2957 maximo
579 2893 700 2957 turrim
726 2894 899 2975 quandam
924 2895 1111 2958 munitissi-

155 3013 247 3059 mam
265 2994 301 3057 in
317 2991 453 3057 alveolo
470 2991 621 3056 fluminis
638 2993 750 3056 sitam.
804 2993 1001 3075 Stephanus
1019 2992 1110 3057 Can·

155 3092 350 3171 tuarieusis,
367 3092 427 3155 diu
446 3091 569 3155 Romae
582 3091 755 3166 detentus,
769 3093 908 3155 taudem
926 3094 1111 3174 impetrata

58 3200 72 3229 '
155 3191 347 3257 licentiata
363 3190 527 3272 Angliam
542 3190 644 3254 rediit
661 3209 737 3253 cum
755 3189 896 3254 honore.
942 3185 1109 3273 ³Septimo

156 3291 236 3357 idus
252 3289 275 3354 J
278 3290 362 3367 unii,
384 3290 476 3373 apud
493 3288 722 3371 Wigorniam,
738 3290 831 3352 beati
849 3289 1011 3354 Vulstani
1030 3308 1111 3353 cou-

157 3389 298 3455 sessoris
323 3408 448 3473 corpus
470 3389 664 3453 venerabile
686 3389 722 3451 in
744 3406 883 3469 capsam
906 3388 1111 3450 transfertur

156 3498 367 3571 argenteam.
420 3486 522 3552 Circa
546 3487 671 3551 l'estum
694 3488 787 3551 boati
817 3486 1003 3550 Clementis
1024 3506 1111 3551 mar-

157 3589 246 3673 tyris
272 3586 465 3652 Pandulsus
493 3586 588 3650 venit
615 3588 649 3649 in
680 3584 856 3667 Angliam,
882 3585 1040 3651 Gualone
1067 3586 1109 3650 ad

155 3688 287 3752 curiam
315 3695 490 3751 revocato.
558 3684 676 3749 Simon
705 3705 820 3749 eomes
849 3686 1110 3762 Montis-sortis,

157 3786 193 3849 in
221 3786 397 3850 obsidione
427 3784 602 3861 Tholosae,
634 3785 704 3849 ictu
737 3786 897 3867 petraria.
929 3804 1111 3867 percussus

193 4016 200 4047 ¹
218 4014 342 4081 ‘luerat3'
355 4020 394 4068 M.
648 4019 787 4073 Darnietta,
810 4032 852 4066 seo
876 4018 961 4077 linger
977 4016 1006 4064 oi
1021 4017 1114 4064 wend-

648 4102 717 4145 over,
728 4088 761 4135 iv.
775 4091 807 4134 to
818 4092 843 4135 et
854 4102 907 4145 seq.

192 4154 274 4206 ’For
295 4173 312 4207 a
333 4157 446 4205 detailed
470 4162 577 4205 account
598 4155 626 4205 oi
684 4155 809 4204 ³luue'l.
845 4148 1104 4203 ‘ltrnii’islrornAr

152 4226 207 4277 this
217 4226 435 4287 euadentem
443 4227 486 4275 tlte
498 4227 588 4287 taking
599 4226 627 4275 os
653 4228 712 4274 (Poll.
729 4227 790 4285 ch.
802 4225 849 4273 hae
859 4226 867 4251 ‘
877 4218 961 4272 tulii!
