2948 4942
343 453 409 519 296
708 470 780 518 arc.
796 469 945 517 sarvam

345 650 425 694 num
455 629 497 692 de
523 621 743 703 ¹Camurciis‚
770 629 829 712 qui
856 636 982 692 cuncta
1003 629 1098 694 caede
1124 629 1304 694 incendio-

344 749 411 813 que
445 728 607 793 vastevit.
673 730 754 792 Hoc
784 748 876 793 anno
907 722 1033 793 'stater
1065 728 1224 794 Joannes
1256 730 1302 794 de

345 829 589 911 Derlingtonia
625 829 758 893 ordinis
798 827 1084 907 Praedicatorum,
1120 830 1301 895 consessor

345 930 518 1012 quondam
555 929 647 1010 regis
679 928 837 1006 Hearici,
871 930 1079 993 auctoritate
1108 929 1228 1013 papali
1260 930 1299 994 in

345 1049 454 1111 regno
492 1028 630 1110 Angliae
672 1027 838 1092 collector
874 1027 1022 1093 efficitur
1061 1028 1299 1110 decimarum

345 1129 445 1213 cujus
471 1128 587 1193 studio
608 1137 643 1193 et
662 1127 833 1193 industria
854 1128 958 1193 editae
981 1136 1062 1192 sunt
1085 1128 1303 1194 concordan-

344 1229 404 1293 tiae
437 1248 585 1310 magnae,
617 1248 697 1311 quae
730 1226 936 1310 Anglicenae
966 1235 1147 1293 vocantur.
1218 1228 1302 1295 Hoc

345 1348 448 1407 anno,
478 1336 580 1394 sexto
612 1329 744 1393 decimo
776 1327 938 1392 calendas
969 1327 992 1392 J
995 1327 1068 1405 ulii,
1100 1328 1301 1394 venerabile

344 1449 470 1512 corpas
486 1430 579 1493 beati
591 1428 747 1506 Ricardi,
758 1427 985 1493 cicestrensis
1001 1428 1168 1510 episcopi,
1185 1437 1300 1494 trans·

345 1530 452 1593 latum
470 1537 535 1604 est,
556 1536 592 1592 et
614 1529 649 1591 in
675 1547 782 1610 capsa
804 1534 972 1610 argentea
996 1526 1166 1593 deaurata
1188 1527 1300 1594 hono·

345 1628 437 1693 rifice
452 1628 671 1693 collocatum.

371 1825 396 1860 l).
409 1824 434 1859 tl.
445 1821 465 1859 J.
477 1823 501 1858 0.
596 1821 619 1857 P.
632 1821 794 1858 nonasterium
814 1823 839 1860 Ι.
927 1821 1080 1860 lurconum
1126 1824 1268 1862 arteman!

393 2118 416 2183 J
420 2131 562 2182 orares
595 2131 688 2196 papa
725 2111 909 2179 vicesimus
940 2115 1083 2197 primus,
1116 2135 1196 2180 cum
1230 2119 1297 2183 sibi

343 2221 425 2286 vitae
448 2217 600 2300 spatium
626 2215 662 2276 in
690 2232 800 2277 annos
823 2214 990 2296 plurimos
1011 2215 1153 2281 extendi
1175 2218 1296 2282 crede·

344 2328 408 2397 ret,
420 2317 529 2382 ethoc
545 2315 648 2379 etiarn
664 2331 780 2377 coram
792 2312 870 2377 aliis
886 2324 1067 2392 assereret,
1084 2317 1200 2382 subito
1215 2337 1296 2383 cnm

343 2438 481 2484 camera
503 2434 606 2492 nova,
630 2433 733 2496 quam
753 2413 819 2477 sibi
837 2412 986 2478 viterbii
1011 2415 1104 2480 circa
1125 2416 1296 2498 palatium

344 2523 599 2592 construxerat,
625 2513 720 2579 solus
746 2513 899 2592 corruit;
923 2521 959 2578 et
980 2514 1072 2580 inter
1097 2516 1232 2600 lapides
1259 2527 1295 2584 et

343 2620 439 2702 ligna
469 2617 610 2682 collisus
636 2622 738 2677 sexto
768 2612 824 2676 die
850 2622 930 2696 post
952 2633 1070 2678 casum
1098 2635 1296 2682 sacramen·

343 2720 389 2784 tis
417 2718 575 2782 omnibus
607 2713 850 2777 ecclesiasticis
875 2716 1047 2797 perceptis
1072 2718 1232 2795 moritur,
1260 2726 1296 2783 et

343 2818 468 2882 ibidem
507 2817 543 2879 in
575 2813 721 2877 ecclesia
754 2814 866 2878 sancti
900 2813 1079 2879 Laurentii
1113 2816 1294 2899 sepelitur.

180 2954 330 2997 mmm
343 2916 505 2982 Succedit
528 2913 698 2978 Nicolaus
721 2913 857 2990 tertius,
880 2915 975 2996 prius
998 2914 1111 2979 dictus
1138 2915 1297 2982 Joannes

180 3006 281 3096 Ψ·
344 3012 564 3100 ’03]οῐωιιιε,
598 3013 640 3076 de
666 3031 792 3094 genere
816 3012 1034 3079 Ursinorum.
1095 3015 1168 3080 Hic
1190 3037 1297 3100 super

343 3117 497 3199 regulam
540 3114 576 3178 S.
603 3112 778 3176 Francisci
816 3115 1067 3196 expositionem
1106 3117 1293 3199 quamdam

343 3218 463 3295 edidit,
483 3234 586 3299 quam
610 3212 700 3277 inter
718 3211 806 3276 alias
828 3212 1019 3278 decretales
1044 3214 1086 3279 de
1111 3218 1296 3282 verborum

295 3305 299 3313 ’
342 3316 653 3402 significationibus
670 3313 774 3376 inseri
791 3312 975 3378 ordinavit.

234 3463 306 3501 μω
394 3419 577 3484 Gallenses
605 3412 849 3488 occidentales,
879 3413 923 3477 ad
948 3433 1066 3497 pacem
1099 3416 1192 3498 regis
1217 3414 1294 3482 An·

178 3511 212 3592 ⁰„
247 3513 331 3600 ,ἔξω
342 3519 422 3600 glise
451 3519 640 3591 venientes,
672 3514 816 3594 Pegano
848 3513 979 3578 militiae
1010 3515 1101 3596 regis
1124 3516 1160 3580 in
1186 3519 1295 3600 parti-

178 3612 206 3640 ⁸¹¹
230 3613 267 3641 ⁰·
343 3620 407 3681 bus
439 3616 508 3679 illis
539 3615 734 3696 capitaneo,
760 3621 911 3677 castrum
941 3614 983 3678 de
1015 3614 1184 3680 Stredewi
1217 3637 1296 3682 cnm

342 3718 523 3801 adjacente
555 3714 667 3796 patria
694 3712 926 3779 reddiderunt.
994 3714 1162 3797 Princeps
1190 3718 1295 3781 etiam

341 3816 494 3891 Walliae,
519 3814 640 3877 videns
668 3832 705 3875 se
732 3813 805 3893 regi
835 3811 974 3894 Angliae
993 3813 1124 3877 cotidie
1145 3816 1298 3882 invales-

341 3919 434 3984 centi
460 3934 530 3979 non
552 3932 654 3996 posse
682 3912 853 3988 resistere,
879 3931 1001 3995 pacem
1023 3914 1126 3996 petiit
1150 3924 1187 3980 et
1208 3916 1299 3983 obti-

375 4129 381 4161 ¹
400 4121 566 4180 ‘Cadurcist’
577 4125 712 4191 (Cehere.)

374 4199 447 4249 'See
474 4198 566 4259 Script.
593 4196 657 4245 Ord.
683 4194 761 4243 Pred.
784 4193 801 4242 i.
863 4189 1086 4256 '‘Grgeltnun'
1103 4193 1189 4249 MSS.

338 4286 362 4330 p.
377 4274 434 4319 ⁸05.
