2940 4950
561 456 746 506 sanstus.
1077 442 1143 507 269

186 624 302 681 costes
332 615 508 680 Robertus
536 614 579 678 de
611 614 794 692 Ferrariis,
824 635 939 680 comes
972 615 1142 692 Derbeiae,

185 716 278 798 apud
303 714 481 798 oppidum,
501 714 594 796 quod
621 713 834 779 Cestreselde
857 715 994 792 dicitur,
1019 724 1143 799 captus

185 824 240 880 est
256 834 317 898 per
333 814 460 879 milites
482 814 608 896 regios,
630 813 734 878 sociis
751 834 838 896 quos
857 815 900 878 ad
920 814 1142 896 praedandum

186 916 361 979 acciverat
387 934 450 996 per
476 912 592 995 lugam
616 913 789 995 dispersis.
843 914 1142 979 Exheredatorum

186 1013 342 1097 quidam,
369 1012 516 1077 insulam
544 1013 586 1076 de
614 1011 808 1076 Axeholme
833 1023 1054 1095 occupantes,
1083 1033 1144 1095 per

187 1114 363 1178 dominum
380 1112 632 1188 Eadmundum‚
652 1111 791 1175 fratrem
810 1114 913 1193 regis,
934 1114 968 1176 in
987 1113 1082 1177 brevi
1099 1112 1142 1176 ad

189 1213 399 1277 deditionem
413 1219 595 1293 coguntur.
648 1210 753 1275 Miles
768 1212 909 1293 quidam
932 1213 966 1274 in
986 1212 1143 1295 partibus

190 1311 379 1376 Wintoniae
404 1310 518 1375 Adam
545 1310 670 1386 dictus,
701 1319 929 1392 cognomento
961 1310 1143 1389 Gurdoun,

188 1411 419 1476 exheredatus
446 1429 524 1474 cum
548 1410 672 1474 ceteris
692 1411 751 1491 qui
776 1411 893 1474 comiti
917 1411 1059 1493 Symoni
1082 1411 1143 1473 ad-

188 1510 373 1587 haeserant‚
395 1509 439 1574 ad
462 1528 582 1591 pacem
607 1509 697 1590 regis
724 1529 870 1574 renuens
891 1510 1021 1587 venire,
1038 1510 1144 1595 juxta

188 1611 283 1674 viam
312 1611 403 1673 inter
428 1609 544 1672 villam
571 1608 614 1672 de
643 1607 820 1686 Aultonia,
850 1618 885 1673 et
917 1618 1069 1673 castrum
1103 1610 1145 1674 de

192 1702 396 1784 ¹Fernham,
422 1727 526 1791 quam
551 1715 633 1771 tunc
656 1708 692 1771 in
715 1708 805 1773 valle
828 1709 1064 1792 promunturia
1088 1729 1145 1773 ne-

189 1828 328 1873 rnorosa
354 1807 544 1872 reddebant
576 1815 780 1882 tortuosam,
808 1828 849 1873 ac
874 1828 935 1892 per
962 1809 1027 1873 hoc
1054 1829 1144 1892 prae-

190 1908 340 1972 donibus
371 1916 613 1990 opportunam,
639 1927 718 1971 cum
744 1908 816 1971 suis
842 1909 969 1973 resedit
996 1910 1143 1992 patriam

190 2007 321 2089 rapinis
341 2005 522 2083 infestans,
545 2014 579 2070 et
596 2007 770 2090 praecipue
795 2016 904 2071 terras
926 2009 1061 2072 illorum
1085 2010 1145 2091 qui

191 2107 284 2191 parti
315 2106 420 2189 regiae
452 2105 685 2170 adhaerebant.
738 2104 848 2190 Cujus
880 2109 969 2171 vires
999 2116 1035 2172 et
1063 2128 1143 2190 pro·
1158 2126 1264 2166 sannen

1157 2177 1225 2226 single
1233 2187 1290 2216 com·

190 2207 336 2271 bitatem
374 2225 420 2270 ex
457 2204 550 2269 fama
586 2206 746 2288 cognitas
778 2207 920 2288 cupiens
952 2207 1144 2271 Edwardus
1157 2227 1253 2266 aarum

190 2306 355 2389 experiri,
373 2324 452 2368 cum
474 2304 511 2368 in
534 2323 637 2368 manu
661 2305 742 2369 sorti
764 2307 1020 2387 supervenisset
1035 2306 1144 2371 eidem
1158 2276 1249 2367 idianis.

192 2424 232 2469 se
257 2404 302 2469 ad
328 2423 480 2487 pugnam
507 2405 657 2486 paranti,
688 2406 853 2486 praecepit
880 2405 965 2482 suis,
993 2426 1035 2469 ne
1067 2405 1146 2488 quis

192 2504 369 2569 intereos
402 2503 583 2587 impediret
612 2503 788 2585 singulare
818 2512 1004 2569 certamen.
1056 2503 1146 2570 Con·

191 2603 303 2686 gressi
328 2603 447 2686 itaque
470 2610 610 2668 mutuos
629 2602 720 2667 ictus
742 2603 976 2685 ingeminant;
1001 2605 1145 2687 parique

98 2708 118 2723 “
191 2710 299 2781 sorte,
330 2711 454 2768 neutro
484 2702 627 2766 cedente
661 2701 775 2779 alteri,
807 2703 937 2767 diutius
969 2704 1144 2768 dimicant.

194 2801 399 2866 Delectatus
423 2802 563 2866 tandem
591 2801 783 2866 Edwardus
813 2801 932 2867 militis
954 2804 1083 2868 virtute
1110 2812 1146 2868 et

191 2901 322 2978 animo,
342 2899 433 2965 inter
454 2899 678 2984 pugnandum
701 2902 850 2966 consulit
872 2902 904 2966 ei
923 2911 963 2967 ut
977 2923 1015 2967 se
1029 2903 1146 2967 redde-

192 3008 258 3078 ret,
274 3000 383 3065 vitam
404 3000 571 3082 pollicens
593 3006 629 3063 et
650 2999 836 3065 somonam.
889 3001 954 3066 Cui
972 3002 1069 3066 miles
1084 3001 1146 3066 ad·

192 3098 388 3183 quiescens,
406 3099 552 3184 abjectis
568 3100 672 3163 armis
689 3119 726 3164 se
743 3100 836 3163 illico
853 3097 1030 3178 'reddidit
1044 3120 1146 3183 quem

192 3198 314 3263 eadem
337 3207 439 3263 nocte
459 3193 705 3263 ³Gilds0rdiam
727 3198 918 3262 Edwardus
943 3201 1146 3277 transmisit,

192 3299 323 3380 reginae
337 3299 440 3362 matri
456 3317 534 3362 cum
552 3297 882 3362 recommendatione
898 3297 1044 3379 supplici
1061 3317 1147 3379 prae-

192 3398 412 3475 mutandum,
437 3417 539 3480 quem
570 3406 692 3478 postea
725 3396 907 3460 hereditati
937 3397 1147 3473 restitutum,

196 3496 387 3561 Edwardus
403 3516 538 3579 semper
555 3515 672 3560 carum
689 3495 808 3559 habuit
825 3505 929 3579 atque
947 3496 1063 3560 fidum.

247 3595 376 3659 Eodem
398 3614 490 3659 anno
506 3594 606 3659 multi
628 3594 670 3658 de
692 3594 911 3661 exheredatis
934 3604 1084 3661 castrum
1107 3595 1149 3660 de
1163 3618 1309 3669 namnam

1161 3669 1194 3708 for
1202 3680 1215 3708 s
1223 3670 1300 3708 secund

196 3694 435 3760 Kenilvvorthe
468 3695 615 3776 ingressi
650 3694 857 3759 victualibus
887 3696 1086 3760 munierunt
1115 3705 1149 3759 et
1163 3719 1293 3758 :sarrana

194 3794 314 3873 armis,
329 3793 551 3877 disponentes
574 3793 658 3856 illud
681 3793 864 3859 defendere
885 3805 1008 3859 contra
1021 3815 1149 3878 regem.
1163 3769 1239 3858 5ξὲῗῖ

233 4076 239 4107 ¹
256 4073 664 4165 ‘FrenhameodRega‘Faru-
722 4073 733 4102 ²
748 4075 852 4123 ‘reddit
862 4071 879 4133 ς’
901 4070 988 4123 D'A.:
1011 4073 1130 4123 ‘dedidit
1137 4071 1152 4134 3'

196 4149 272 4211 hm
293 4147 426 4198 Μὴ
688 4143 1135 4274 M3‘fo41siaeroraumscoaneg.
