2940 4950
575 429 753 478 eunucus.
1094 412 1139 476 59

187 591 340 674 phanum
358 610 463 654 avum
479 611 590 654 suum.
638 591 717 655 Rex
736 609 816 654 vero
841 588 1058 654 Britanniam
1082 588 1136 650 in·

189 710 329 774 gressus
356 691 610 774 perambulavit
637 699 777 767 terram,
808 689 1029 754 considerans
1057 687 1138 750 civi·

189 798 291 867 tates,
313 792 415 855 urbes
442 798 479 854 et
497 791 654 868 castella,
680 791 915 873 recipiensque
940 787 1138 868 homagium

188 890 441 973 fidelitatesque
454 891 621 955 baronum
637 898 672 955 et
687 890 845 954 militum.
898 887 994 952 Obiit
1008 886 1138 951 Rober·

188 997 245 1054 tus
263 992 446 1073 episcopus
461 991 718 1055 Bathoniensis.

423 1165 445 1200 P.
459 1164 621 1199 ROMANORUM
635 1164 660 1200 R.
764 1163 917 1199 FBANOORUM
969 1165 1109 1200 inchoavit

354 1252 500 1289 immensu
514 1252 553 1287 ιιι.
572 1252 702 1288 resonares
715 1254 733 1292 ι.
751 1251 867 1287 nonovrcr
881 1253 928 1291 vn.
962 1252 1066 1287 uererer
1079 1253 1108 1289 11.

600 1312 639 1358 12.
653 1313 693 1359 lo.
820 1313 861 1358 ³⁰.

250 1419 448 1482 Hnuarcus
475 1416 566 1480 filius
593 1417 685 1499 regis
707 1418 912 1500 Anglornm,
937 1418 979 1482 de
1008 1418 1244 1531 Angfial'lffi
1254 1489 1291 1528 m

188 1518 374 1601 profectus,
401 1517 446 1580 ad
470 1524 603 1599 patrem
627 1518 722 1583 venit
743 1518 899 1583 Pictavis
925 1537 1293 1590 commem-renuens

188 1627 266 1682 tem.
320 1617 427 1682 Pater
442 1637 524 1681 vero
539 1626 619 1700 post
638 1616 786 1696 Pascha,
802 1638 880 1683 cum
901 1619 1056 1683 exercitu
1074 1617 1137 1683 Al·
1149 1591 1232 1692 llll?

188 1737 389 1783 vernensem
405 1736 533 1801 pagum
547 1718 736 1800 ingressus,
756 1719 910 1784 vastavit
926 1726 1036 1783 terras
1050 1717 1140 1783 Wil-

188 1818 281 1882 lelmi
316 1817 451 1882 comitis
482 1817 678 1898 Alverniae3
714 1819 796 1902 quia
830 1819 912 1883 data
946 1818 1013 1883 fide
1045 1820 1139 1902 quod

188 1926 297 1981 staret
318 1917 467 2000 justitiae
497 1917 589 1998 regis
621 1915 826 1998 Anglornm,
850 1938 955 2002 super
979 1939 1021 1984 eo
1046 1919 1139 2001 quod

187 2025 347 2098 nepotem
364 2036 464 2080 suum
488 2016 647 2079 comitem
666 2017 840 2100 juniorem
855 2018 1140 2097 exheredaverat,

189 2121 311 2197 postea
332 2115 432 2178 irrita
454 2114 520 2178 lide
543 2115 588 2178 ad
611 2134 726 2196 regem
746 2116 957 2181 Francorum
973 2137 1010 2180 se
1027 2125 1140 2181 trans-

191 2213 330 2290 tulerat,
356 2213 564 2277 discordiam
588 2214 762 2277 seminans
784 2214 1007 2296 interreges,
1035 2235 1140 2298 quam

187 2314 287 2378 auxit
314 2311 500 2377 vindicatio
533 2313 688 2395 pecuniae
713 2313 904 2377 deserendae
929 2314 1138 2393 Jerusalem,

186 2413 341 2478 collectae
366 2414 403 2477 in
428 2413 595 2477 Turonia.
648 2411 801 2477 Volebat
826 2414 915 2477 enim
941 2433 1005 2478 rex
1028 2415 1139 2478 Fran·

187 2533 305 2578 corum
322 2532 398 2577 eam
412 2532 475 2595 per
488 2532 570 2576 suos
587 2513 734 2590 mittere,
757 2514 840 2596 quia
863 2513 1009 2578 ecclesia
1027 2514 1137 2579 Turo-

188 2615 304 2676 nensis
325 2632 389 2676 sua
407 2621 501 2688 erat;
525 2611 682 2694 favitque
699 2613 735 2676 in
751 2612 816 2676 hoc
833 2615 905 2694 regi
925 2614 1137 2678 Francorum

187 2713 465 2795 archiepiscopus
484 2706 524 2776 ¹J
527 2713 635 2776 ocius.
687 2712 767 2776 Rex
785 2712 977 2795 Anglorum
1001 2715 1139 2779 volebat

186 2831 262 2875 eam
285 2813 420 2877 mittere
444 2832 506 2895 per
531 2831 625 2889 suosr,
651 2820 815 2895 tanquam
833 2814 868 2876 in
889 2834 952 2880 suo
971 2816 1139 2879 comitatu

186 2911 378 2976 collectam.

239 3011 447 3088 Amalricus,
465 3031 526 3074 rex
542 3011 750 3089 Jerusalem,
768 3020 933 3077 evocatus
952 3015 996 3077 ab
1014 3013 1139 3076 amira·
1150 3027 1280 3119 popurus

185 3112 233 3175 lio
269 3111 483 3193 Babyloniae,
514 3112 570 3174 cui
600 3111 855 3176 consoederatus
887 3120 974 3189 erat,
1005 3112 1139 3177 obsedit
1177 3085 1200 3120 ‘⁸
1215 3090 1249 3120 ω’

186 3230 266 3273 cum
286 3230 327 3273 eo
345 3208 605 3286 Alexandriam,
626 3230 705 3291 quae
728 3220 835 3292 caput
852 3220 905 3276 est
922 3212 1078 3294 AEgypti,
1103 3220 1138 3276 et

186 3316 325 3392 captam
352 3308 500 3373 reddidit
522 3309 699 3390 amirali03
731 3311 899 3393 recipiens
928 3312 972 3374 ab
1004 3311 1133 3388 eodem,

186 3417 314 3493 praeter
347 3428 499 3473 annuum
533 3409 711 3486 tributum,
743 3410 995 3493 quinquaginta
1029 3410 1138 3474 millia

184 3509 425 3586 bisantiorum,
448 3500 575 3591 praeter
597 3509 851 3592 quinquaginta
867 3518 999 3593 septem
1016 3509 1137 3589 millia,

186 3629 264 3691 quae
282 3610 376 3692 prius
391 3610 433 3672 de
447 3608 626 3694 Babylone
644 3610 785 3692 recepit.

237 3707 339 3772 Circa
357 3709 597 3773 Pentecostem
616 3708 819 3774 Fredericus
836 3711 1035 3794 imperator,
1058 3712 1136 3775 mis·
1150 3727 1257 3768 Affatnot

184 3808 232 3871 sis
247 3809 456 3872 exercitibus
474 3810 558 3886 suis,
574 3809 701 3873 multos
713 3810 950 3875 Romanorum
963 3812 1101 3888 occidit,
1115 3832 1137 3875 a
1149 3780 1298 3829 ‘mm'

184 3908 309 3991 quihus
325 3907 451 3971 similia
468 3928 590 3991 passus
604 3918 666 3974 est.
707 3908 809 3974 Circa
825 3931 974 3975 mensem
991 3911 1014 3974 J
1017 3912 1136 3986 ulium,

185 4003 375 4072 Leoninam
397 4001 596 4090 ²[Romam]
621 4009 756 4073 obsedit
772 4018 807 4074 et
824 4012 928 4094 cepit,
951 4012 1135 4093 porticum-

221 4155 228 4188 ¹
246 4158 360 4208 ‘Ocius’
373 4162 399 4209 in
412 4163 472 4210 Cod.
486 4161 559 4222 Regu,
572 4162 609 4210 M.
621 4166 645 4209 et
705 4159 715 4188 ²
732 4160 867 4211 ‘Rolnam'
880 4164 902 4211 is
914 4163 976 4211 irum
989 4164 1026 4212 M.
1038 4179 1045 4220 3
1064 4163 1136 4214 Hall.

182 4229 243 4289 Ar·.;
262 4232 308 4278 but
319 4231 457 4281 elsewhere
469 4228 593 4280 ‘Jocius.'
