2948 4942
762 449 834 497 Nic.
853 447 999 495 'l'lllVE'l'l

436 640 461 675 D.
474 639 499 674 N.
511 638 565 673 ,1.0.
664 637 688 672 Ρ.
703 636 865 671 ΒΟΜΛΝΟΙΙΙΙΜ
878 636 903 670 s.
994 630 1147 669 vanamne!
1189 634 1330 670 ANGLORU!

410 621 739 847 -ntnxtunnt
752 720 790 757 111.
808 719 938 756 PREDERIOE
954 720 973 755 Ι.
992 720 1107 757 ῑΟῦΟΥΙΟΙ
1118 616 1357 846 vll.

247 958 349 1000 nennn
460 927 538 992 Nix
563 933 599 990 et
620 924 701 1006 gelu
727 943 748 987 a
781 923 977 990 Nativitate
1011 926 1151 991 Domini
1177 930 1359 1013 usquead

247 1008 378 1109 dilatio..
410 1026 691 1092 Purificationem
714 1025 876 1088 continue
899 1024 1121 1090 duraverunt.
1174 1027 1271 1093 Obiit
1293 1029 1361 1094 Ri-

409 1126 535 1191 cardus
573 1125 616 1189 de
655 1123 819 1205 Strogoil,
857 1123 1054 1207 relinquens
1094 1127 1277 1208 parvulum
1313 1149 1361 1195 ex

409 1225 482 1289 lilia
520 1223 612 1307 regin
649 1223 824 1286 Dubliniae
863 1242 1107 1289 successorem.
1175 1226 1246 1291 Hic
1284 1232 1362 1313 regi

411 1324 566 1389 Henrico
591 1322 785 1405 Anglorum
807 1320 956 1386 reddidit
984 1323 1198 1404 Dubliniam,
1221 1324 1364 1393 Water.

410 1424 567 1501 fordiam,
605 1429 640 1487 et
671 1422 839 1505 quasdam
871 1421 959 1486 alias
990 1422 1180 1490 firmitates,
1231 1424 1364 1491 Hiber·

410 1523 545 1587 nienses
568 1522 733 1587 tributum
756 1520 829 1603 regi
847 1520 998 1603 Angliae,
1017 1523 1061 1586 de
1085 1523 1240 1606 qualibet
1258 1526 1364 1593 domo

411 1623 542 1686 corium
567 1621 679 1697 bovis,
708 1620 763 1684 vel
793 1619 973 1685 duodecim
999 1621 1169 1703 denarios,
1193 1626 1362 1707 promise-

411 1728 503 1784 runt.
556 1719 599 1783 In
622 1718 741 1800 vigilia
762 1718 907 1783 Paschae
928 1719 1042 1785 sactus
1062 1730 1116 1787 est
1134 1730 1259 1789 ventus
1284 1718 1364 1791 've-

412 1819 563 1896 hemens,
590 1819 763 1901 dissipans
786 1819 906 1883 domos
935 1827 971 1884 et
993 1821 1172 1887 eradicans
1193 1824 1364 1891 silvarum

411 1918 518 2001 ligna.

253 2046 367 2089 innan
463 2016 532 2081 His
553 2017 763 2098 temporibus
782 2024 882 2080 erant
902 2018 938 2081 in
963 2017 1092 2102 Anglia
1114 2028 1185 2085 tres
1209 2023 1364 2108 episcopi

251 2095 487 2199 Qffl'regi
512 2116 694 2198 plurimum
723 2116 922 2191 familiares,
950 2117 1123 2183 Ricardus
1141 2120 1365 2188 Wintonien·

251 2198 389 2287 min?
413 2218 473 2293 sis,
512 2215 689 2280 Gallridus
726 2215 888 2292 Ellensis,
925 2216 948 2280 J
952 2237 1080 2283 oannes
1114 2218 1365 2301 Norwicensis,

251 2296 342 2338 Μὴ
413 2336 558 2398 quornm
590 2314 818 2399 frequentiam
849 2333 889 2378 ac
918 2335 1048 2381 moram
1077 2319 1114 2382 in
1141 2321 1238 2385 curia
1264 2324 1366 2407 regia

412 2435 505 2498 papa
534 2414 736 2479 Alexander
772 2414 933 2497 redargui
969 2436 1032 2499 per
1069 2418 1367 2505 archiepiscopum

413 2515 698 2579 cantuariensem
730 2513 918 2578 Ricardum
947 2516 1183 2596 mandaverat,
1211 2521 1273 2603 qui
1304 2541 1367 2588 eos

415 2614 507 2696 apud
538 2612 682 2676 eundem
711 2632 791 2676 vere
820 2621 856 2677 et
882 2615 1133 2681 rationabiliter
1156 2621 1366 2687 excusavit:

416 2731 477 2794 per
509 2730 655 2793 quorum
689 2711 930 2777 mediationem
965 2718 1166 2796 procuravit
1197 2718 1369 2801 praefatus

415 2810 692 2894 archiepiscopus
717 2811 946 2876 damnabilem
972 2817 1265 2896 consuetudinem,
1286 2836 1370 2902 quae

415 2910 452 2973 in
469 2908 600 2991 Anglia
616 2910 823 2988 invaluerat,
845 2917 880 2976 ot
901 2912 936 2975 in
960 2931 1099 2979 enorme
1119 2916 1202 2980 cleri
1227 2916 1368 3002 dispen-

415 3010 510 3072 dium
528 3018 741 3087 excreverat,
764 3009 904 3075 aboleri.
956 3011 1085 3096 Siquis
1102 3017 1192 3080 enim
1207 3016 1373 3085 sacerdo-

417 3115 486 3172 tem
502 3109 558 3173 vel
574 3109 735 3173 clericum
752 3109 935 3188 occideret,
956 3113 1113 3191 ecclesia,
1135 3114 1212 3179 sola
1228 3136 1370 3183 excom-

415 3208 647 3272 municatione
664 3215 836 3284 contenta,
856 3211 1044 3276 materialis
1059 3232 1159 3296 opem
1175 3214 1283 3296 gladii
1300 3236 1371 3282 non

416 3309 589 3391 quesivit,
621 3308 710 3372 unde
743 3307 939 3391 hujusmodi
968 3313 1160 3378 transmisit
1185 3314 1372 3398 epistolam

416 3408 460 3472 ad
479 3408 657 3490 episcopos
673 3415 743 3473 tres
759 3408 965 3489 praedictos:

256 3531 368 3572 mama·
469 3505 667 3570 ‘Ricardus
690 3507 762 3571 Dat
786 3506 900 3588 gratia
924 3506 1183 3573 cantuariensis
1203 3510 1377 3597 archiepi-

255 3582 404 3680 &latitia
419 3622 558 3683 scopus,
586 3606 693 3668 totius
720 3603 859 3686 Angliae
889 3606 1031 3688 primas,
1056 3608 1377 3690 apostolicaesedis

255 3680 354 3771 lidan,
419 3700 568 3782 legatus,
586 3703 839 3768 venerabilibus
861 3706 948 3769 etin
964 3705 1129 3770 Gnarsno
1150 3708 1286 3773 dilectis
1305 3712 1379 3777 ira-

420 3800 530 3864 tribus
568 3800 719 3865 Ricardo
751 3802 998 3880 wintoniensi,
1034 3804 1192 3872 Galfrido
1226 3808 1378 3891 Eliensi,

418 3898 550 3962 loanni
575 3898 790 3965 Norwicensi
812 3903 982 3986 episcopis
1010 3904 1157 3971 salutem
1180 3914 1216 3972 et
1233 3908 1379 3978 salubre

419 3998 612 4063 consilium.
653 3999 696 4063 ln
713 4001 857 4066 ecclesia
869 4002 1065 4084 Anglorum
1079 4004 1247 4072 damnosa
1260 4012 1380 4075 omni-

734 4207 741 4241 ¹
753 4211 761 4239 ⁴
773 4209 880 4260 Valldus
889 4212 909 4274 ς’
926 4215 964 4263 Μ.
976 4219 1000 4263 et
1012 4215 1060 4265 Ar.
