2940 4950
576 455 756 505 auulsas.
1077 442 1144 507 266

186 612 334 678 soederat
359 619 395 677 et
414 612 566 697 subjicit,
589 632 667 677 cum
691 613 790 697 pagis
809 623 843 679 et
864 612 969 691 villis,
991 615 1140 678 civitati·
1154 631 1250 679 annu·

185 714 251 777 bus
269 721 305 777 et
321 711 500 776 castellis:
527 713 644 777 villam
670 714 776 777 etiam
802 713 1014 791 Gloverniae,
1038 734 1140 797 quarn
1154 682 1296 822 {iffigrn

186 831 298 896 nuper
318 831 434 876 comes
455 811 585 896 Syrnou
606 813 734 895 optime
756 814 936 888 munierat,
961 833 1141 896 expugna·
1299 807 1303 817 '

187 912 238 978 vit
261 920 297 976 et
315 912 420 995 cepit,
441 912 653 994 fugientibus
673 913 715 975 ad
739 924 890 978 castrum
918 913 1141 991 custodibus;

186 1013 247 1095 qui
272 1019 352 1095 post
374 1011 448 1075 dies
470 1011 664 1094 quindecim
688 1013 821 1076 reddito
844 1020 971 1090 castro,
994 1022 1029 1076 et
1052 1032 1142 1095 prae-

187 1111 273 1176 stito
298 1111 498 1195 juramento
531 1111 623 1193 quod
657 1119 778 1175 contra
810 1112 1017 1175 Edwardum
1045 1131 1143 1175 arma

187 1210 231 1275 de
249 1216 364 1275 cetero
387 1229 457 1274 non
479 1217 671 1293 portarent,
692 1210 791 1274 liberi
805 1211 1034 1275 dimittuntur.
1076 1210 1141 1275 Co-

187 1328 261 1373 mes
288 1329 370 1375 vero
397 1308 595 1374 Leicestriae
621 1318 773 1374 castrum
797 1309 1023 1387 Monemutae,
1048 1310 1141 1391 quod

184 1428 303 1474 comes
335 1408 535 1474 Gloverniar
577 1429 686 1491 nuper
720 1419 861 1492 ceperat
893 1417 928 1473 et
960 1410 1143 1485 munierat,

186 1509 318 1573 coactis
339 1508 383 1574 sd
404 1507 612 1573 deditionem
634 1509 845 1588 custodibus,
866 1509 909 1573 ad
930 1509 1040 1573 solum
1066 1529 1143 1592 pro·

185 1608 334 1686 stravit3
370 1609 616 1690 ingressusque
649 1616 774 1672 terram
807 1608 959 1692 ejusdem
996 1609 1142 1688 comitis,

187 1727 267 1791 quae
284 1701 571 1790 ¹Glomorgaucia
587 1708 725 1784 dicitur,
742 1717 942 1772 occurrente
958 1708 1024 1772 sibi
1047 1709 1140 1791 prin·

185 1807 264 1890 cipe
294 1806 434 1872 Walliae
465 1808 501 1871 in
532 1808 733 1882 subsidium,
766 1807 883 1871 omnia
912 1809 1065 1872 vastavit
1092 1809 1141 1870 in·

186 1906 310 1972 cendio
327 1914 432 1990 atque
446 1906 552 1971 carde.
605 1906 750 1971 Interim
766 1927 848 1972 vero
870 1907 1060 1972 Edwardus
1082 1926 1141 1971 au·

186 2006 286 2072 diens
314 2005 406 2089 quod
430 2005 529 2070 multi
553 2006 595 2071 de
621 2014 721 2088 parte
747 2007 884 2071 comitis
910 2008 1068 2089 Symonis
1095 2008 1140 2070 ad

186 2113 339 2171 castrum
377 2105 470 2189 quod
504 2103 722 2170 Kenilworth
757 2106 883 2170 dicitur
916 2107 1142 2184 confluerent,

185 2205 353 2290 adjuncto
367 2204 433 2269 sibi
449 2205 575 2270 comite
585 2204 793 2280 Gloverniae,
808 2225 886 2269 sero
902 2207 945 2269 de
961 2206 1143 2287 Wigornia

185 2304 270 2370 illuc
292 2304 448 2382 tendens,
480 2306 656 2387 citatoque
687 2304 797 2387 gradu
831 2306 946 2369 subito
978 2324 1139 2387 superve-

187 2405 300 2482 niens,
315 2405 408 2493 cepit
427 2405 585 2469 comitem
603 2405 751 2469 Oxoniee
766 2424 843 2468 cum
860 2404 1025 2467 militibus
1042 2397 1143 2468 ²veu-

185 2503 321 2569 illiferis
334 2504 471 2569 circiter
488 2505 650 2568 tredecim
666 2514 851 2586 antequam
863 2511 1014 2567 castrum
1027 2513 1142 2568 essent

185 2604 347 2686 ingressi,
363 2604 399 2667 iu
417 2623 488 2687 quo
509 2624 548 2669 se
565 2604 640 2688 jum
663 2610 840 2687 receperat
863 2603 992 2689 Symou
1006 2604 1141 2667 comitis

187 2703 350 2788 Symonis
368 2702 468 2768 filius.

237 2803 368 2888 Symon
384 2822 499 2868 comes
516 2802 713 2868 Leicestriee
729 2824 844 2886 regem
861 2823 997 2887 semper
1010 2805 1142 2867 habeus
1154 2817 1262 2909 ἕνεκ’·

186 2903 224 2967 in
244 2922 310 2967 sua
328 2902 504 2979 comitiva,
527 2902 571 2966 de
590 2905 735 2968 australi
751 2904 883 2969 Wallia
906 2923 1077 2981 reversus,
1105 2904 1140 2966 in
1180 2880 1238 2910 Μ’

188 3002 278 3068 festo
308 3002 343 3066 S.
369 3001 465 3066 Petri
498 3001 542 3066 ad
579 3003 716 3068 vincula
751 3004 846 3068 venit
880 3004 922 3068 ad
952 3006 1141 3068 manerium

186 3101 441 3184 wigorniensis
468 3102 634 3185 episcopi,
661 3101 753 3186 quod
782 3101 977 3185 Kemeseya
1005 3103 1141 3181 dicitur,

186 3211 224 3266 et
248 3201 373 3265 ibidem
396 3201 430 3265 in
453 3202 605 3266 crastino
627 3203 836 3266 morabatur.
883 3202 1077 3265 Edwardus
1099 3201 1141 3264 de

188 3300 429 3366 Kenilworthe
451 3301 552 3365 rediit
573 3301 802 3382 Wigorniam,
823 3320 902 3383 quae
926 3320 947 3364 a
975 3302 1142 3383 praedicto

187 3401 341 3465 manerio
354 3400 462 3464 distat
478 3400 679 3465 milliaribus
702 3408 835 3465 tantum
858 3401 978 3464 tribus.
1031 3399 1141 3483 Cujus

187 3500 339 3565 adventu
355 3500 506 3581 cognito,
524 3519 638 3564 comes
663 3500 791 3584 Symon
812 3520 888 3564 eum
915 3519 995 3581 rege
1011 3500 1047 3563 in
1065 3500 1141 3582 ipso

186 3600 299 3665 noctis
337 3600 540 3682 crepusculo
579 3599 770 3677 discedens,
811 3601 846 3664 in
884 3600 1010 3683 oppido
1048 3601 1140 3682 quod

189 3699 363 3764 Evesham
382 3700 508 3764 dicitur
531 3699 604 3764 sato
623 3700 779 3764 substitit
794 3700 932 3765 infelici.
985 3700 1028 3764 lu
1050 3719 1141 3764 cras-

188 3801 262 3864 tiuo
289 3818 450 3882 numque,
476 3801 536 3882 qui
564 3807 639 3864 erat
667 3800 739 3864 dies
769 3799 984 3865 Iuventionis
1015 3799 1050 3867 S.
1067 3799 1141 3863 Ste-

188 3898 303 3983 phani,
325 3899 518 3963 Edwardus
539 3919 681 3964 movens
699 3920 736 3966 se
753 3900 796 3964 de
813 3901 1009 3983 Wigornia,
1028 3907 1140 3963 truns-

224 4155 231 4186 ¹
250 4159 467 4224 ‘Glomergancia
477 4155 493 4220 ;'
508 4160 654 4222 cuam
714 4156 725 4186 ¹
741 4156 973 4215 ‘resilientem
988 4159 1012 4203 et
1024 4152 1072 4204 Ar.

190 4229 233 4280 the
244 4230 447 4307 otberflblssras
459 4231 485 4279 in
497 4230 539 4280 tbs
550 4235 613 4279 text.
