2940 4950
573 420 755 472 auratus.
1099 410 1144 475 73

186 581 422 665 episcopatum
439 582 735 660 cameracensem,
753 601 868 646 comes
888 580 1061 647 Flandriae
1079 584 1143 648 mi·

186 681 344 746 litaribus
358 684 463 747 armis
481 684 602 747 cinxit.
656 681 753 746 Obiit
773 682 949 747 Robertus
966 703 1080 748 comes
1100 684 1143 748 de

188 779 305 860 Clara,
339 784 393 847 cui
429 783 520 847 tilius
554 783 629 866 ejus
665 781 837 846 Ricardus
870 784 1049 860 successit,
1082 784 1141 866 qui

188 880 294 945 filiam
313 882 479 947 Willelmi
495 882 630 945 comitis
647 880 846 946 Gloverniae
863 882 1024 947 duxerat.

240 980 414 1046 Henricus
440 1001 502 1045 rex
524 981 650 1057 senior,
674 981 796 1045 videns
819 981 984 1066 maiorem
1008 990 1141 1065 partem
1154 997 1278 1048 rhenum

189 1081 355 1144 baronum
383 1100 523 1145 suorum
545 1081 703 1156 delicere,
725 1098 795 1144 non
820 1089 873 1144 est
898 1081 1051 1162 fractus3
1080 1081 1140 1145 sed
1154 1059 1299 1138 imae·

189 1179 357 1245 conduxit
392 1175 652 1245 ¹Brabanzoues
678 1188 714 1244 et
741 1179 920 1257 Rutarios,
944 1200 990 1245 ex
1016 1181 1142 1264 quibus
1154 1149 1250 1249 ww
1258 1147 1307 1198 ’Μ

189 1281 384 1346 coadunato
407 1299 534 1362 magno
561 1280 728 1356 exercitu,
752 1280 847 1344 venit
871 1280 1080 1357 Britollium,
1103 1290 1144 1346 ut

189 1381 356 1444 auxilium
374 1381 480 1444 ferret
495 1380 556 1456 eis,
575 1378 686 1461 quiin
704 1378 870 1443 Vernolio
886 1380 1142 1444 obsidebantur.

189 1478 299 1564 Cujus
327 1481 480 1546 adventu
511 1479 643 1555 audito,
674 1498 737 1542 rex
765 1480 990 1557 Francorum,
1015 1480 1144 1544 omissa

188 1580 377 1659 obsidione,
409 1580 522 1663 sugit3
569 1597 698 1660 magna
730 1585 829 1660 parte
863 1579 1076 1660 papilionum
1108 1586 1144 1644 et

189 1679 390 1744 victualium
421 1681 635 1763 aliorumque
664 1678 983 1760 impedimentorum
1011 1678 1142 1749 relicta.

190 1778 397 1862 Radulphus
413 1781 456 1844 de
474 1779 645 1862 Fulgeriis
664 1778 845 1843 castellum
862 1796 963 1842 suum
981 1778 1024 1843 de
1040 1752 1143 1843 ’'Ful-

190 1879 306 1960 geriis,
329 1880 420 1962 qnod
436 1898 498 1943 rex
516 1881 631 1943 senior
653 1879 749 1960 prius
767 1879 998 1955 destruxerat,
1021 1879 1144 1943 reaedi·

190 1977 293 2041 ficare
309 1980 427 2059 coepit.
466 1977 522 2042 Ad
540 1997 643 2060 quem
658 1975 880 2059 Hastulphus
900 1978 943 2041 de
961 1977 1143 2043 S.Hilario

190 2083 225 2139 et
237 2075 433 2140 Willelmus
451 2075 576 2140 Patrik
599 2095 678 2140 cum
700 2075 811 2139 tribus
826 2075 906 2140 filiis
924 2079 1143 2155 conveniunt,

191 2193 279 2255 quos
302 2193 416 2237 comes
439 2175 539 2238 Eudo
561 2182 596 2239 et
619 2192 734 2238 comes
752 2173 897 2239 Cestriae
919 2177 1029 2239 secuti
1052 2184 1144 2241 sunt.

192 2274 446 2350 Brabauzoues,
461 2290 576 2356 arege¹
586 2273 721 2338 seniore
737 2274 844 2351 missi,
856 2292 901 2337 ex
912 2282 1145 2356 magnaparte

192 2381 317 2437 terram
339 2373 515 2457 Radulpbi
533 2375 576 2438 de
594 2372 769 2455 Fulgeriis
793 2373 1058 2453 destruxerunt3
1084 2374 1144 2439 sed

191 2492 310 2536 eorum
331 2472 392 2555 qui
418 2473 582 2538 victualia
608 2473 840 2555 exportabant
865 2473 909 2535 ad
941 2474 1145 2553 exercitum,

190 2592 317 2653 magna
333 2591 414 2655 pars
428 2593 449 2636 a
463 2573 629 2637 militibus
648 2571 826 2656 Radulpbi
843 2571 885 2636 de
902 2571 1075 2654 Fulgeriis
1092 2581 1146 2639 est

191 2674 315 2736 occisa.
360 2670 520 2737 Tradidit
536 2672 757 2737 nibilominus
774 2672 830 2736 bic
846 2670 1054 2755 Radulphus
1072 2691 1145 2736 cas·

191 2780 281 2834 trum
314 2771 349 2834 S.
372 2770 497 2835 Jacobi
527 2773 697 2850 incendio,
731 2781 951 2855 castrumque
985 2765 1145 2838 ³Tilli01i.

191 2870 322 2935 Audito
339 2877 455 2934 autem
470 2872 620 2936 adventu
639 2872 732 2954 regis
749 2872 904 2949 sanioris,
922 2890 1032 2955 nsque
1048 2864 1145 2935 ⁴Ful·

190 2972 320 3052 geriam
344 2970 455 3052 fugit3
482 2980 653 3054 captaque
682 2980 736 3036 est
760 2973 803 3035 ab
834 2971 1027 3036 hominibus
1054 2972 1146 3054 regis

192 3078 290 3135 tanta
315 3069 444 3151 praeda,
470 3079 602 3152 quanta
626 3071 753 3134 nostris
775 3071 985 3153 temporibus
1007 3072 1067 3136 vix
1092 3080 1146 3136 est

192 3170 279 3233 visa.
333 3166 553 3249 Praeceperat
579 3188 726 3252 namque
754 3169 960 3251 Radulphus
986 3171 1144 3234 omnibus

192 3269 234 3331 de
258 3276 350 3331 terra
374 3284 451 3343 sua,
475 3273 514 3330 nt
535 3286 655 3349 equoS,
683 3276 852 3344 armenta,
879 3276 914 3331 et
939 3268 1088 3351 pecudes
1109 3271 1144 3332 in

191 3388 289 3431 suam
313 3367 478 3432 forestam
500 3368 685 3448 dncereut3
709 3386 787 3450 quae
809 3366 937 3444 omnia,
959 3375 1145 3450 antequam

190 3469 408 3550 pervenirent
425 3466 468 3530 ad
493 3486 669 3531 nemorum
692 3465 850 3544 latibula,
874 3468 1015 3532 suntab
1038 3467 1145 3531 bosti-

190 3569 255 3632 bus
268 3568 471 3648 intercepta.

241 3665 448 3748 Radulphus
479 3666 616 3730 interim
648 3674 801 3731 castrum
834 3667 877 3732 de
907 3662 1083 3733 ³Corbrok
1110 3675 1145 3733 et
1158 3684 1299 3733 uertente·

190 3768 366 3830 civitatem
393 3766 578 3830 Dolensem
593 3768 694 3848 cepit
714 3787 793 3831 cum
819 3768 1031 3846 custodibus
1057 3789 1144 3851 quos
1157 3735 1268 3825 mm

226 3943 478 4002 ¹‘Barbanaones;'
508 3945 568 3993 Cod.
592 3944 657 4004 Rrg.
718 3939 946 4003 ⁸‘'l'ilioli;’D'A.

189 4016 331 4063 ‘Rictarios
341 4009 355 4073 ς’
369 4009 437 4062 D'A.
458 4008 610 4074 ‘Rutarios,'
618 4013 657 4061 M.
719 4010 728 4039 ⁴
740 4013 789 4061 ‘ad
801 4013 945 4076 Fulgeriam
956 4009 970 4072 3’
982 4009 1050 4063 D'A.

190 4100 220 4134 as
231 4086 257 4133 in
270 4089 332 4133 text.
370 4084 494 4145 Properly
508 4078 656 4145 ‘Rutenos,‘
719 4079 882 4140 “Corbroc‚'
894 4084 901 4110 ‘
913 4083 1023 4131 Corbreo
1033 4079 1049 4140 ς’
1072 4082 1110 4130 Μ.
1122 4085 1147 4130 et

192 4171 208 4204 a
220 4155 320 4203 district
331 4168 363 4203 on
376 4153 419 4202 the
431 4154 551 4204 Aveirou.
682 4149 750 4200 Aa:
785 4152 907 4212 probably
931 4151 970 4199 l'or
991 4154 999 4180 ⁴
1012 4151 1122 4201 Corbrec
1132 4145 1147 4210 ς’

225 4221 236 4254 ²
257 4225 324 4273 Now
337 4221 476 4284 Fougdres.
683 4219 753 4269 Hull.
