2940 4950
334 433 401 498 354
684 449 757 498 ruo.
780 448 929 497 curvari

175 625 314 715 pm&
339 617 374 672 et
401 605 424 670 J
427 625 555 671 oannes
588 606 631 671 de
661 606 790 671 Sancto
817 605 968 683 Joanne,
998 604 1042 670 de
1076 606 1212 670 Baiona
1240 626 1291 670 re·

174 725 301 766 romara.
340 707 443 783 versi,
462 706 755 789 Bellamgardam,
777 724 857 789 qnae
872 707 1015 770 obsesso
1037 725 1060 770 a
1081 707 1208 771 comite
1224 705 1290 771 At·

176 776 316 864 argeum
341 807 529 871 trahatensi
553 806 699 888 penuria
718 805 920 870 victualium
934 805 1129 883 laborabat,
1152 824 1290 890 progre-

177 875 284 925 ΝΜ
340 907 486 982 dientes,
518 914 557 970 nt
591 900 716 970 ¹eidem
747 906 790 969 de
818 905 1026 970 victualibus
1058 905 1291 988 providerent,

340 1027 418 1072 cum
446 1007 766 1090 appropinquarent
788 1005 899 1081 silvae,
928 1024 1007 1088 quae
1031 1026 1093 1090 per
1118 1006 1188 1071 tria
1219 1005 1291 1069 mil·

340 1106 442 1170 liaria
468 1125 490 1170 a
514 1106 591 1171 loco
618 1106 763 1189 praelato
785 1105 951 1181 distabat,
976 1105 1012 1174 in
1034 1106 1122 1170 duas
1144 1125 1186 1170 se
1202 1106 1291 1171 acies

341 1205 554 1270 diviserunt:
596 1225 741 1288 quarum
775 1205 922 1287 primam
952 1204 1100 1270 ducebat
1134 1204 1158 1270 J
1163 1225 1291 1270 oannes

274 1364 276 1368 Α
341 1305 385 1368 de
407 1305 444 1369 S.
462 1304 485 1369 J
488 1325 612 1382 oanne,
629 1303 790 1369 secundae
807 1324 890 1369 vero
908 1313 1054 1387 praeerat
1072 1305 1148 1389 ipse
1165 1325 1289 1370 comas.

342 1403 498 1469 Joannes
527 1405 646 1486 itaque
680 1405 723 1468 de
755 1404 791 1471 S.
821 1403 972 1483 Joanne,
1014 1424 1148 1488 suaque
1189 1406 1290 1481 acies,

343 1505 492 1568 transita
517 1505 619 1581 silva,
646 1523 725 1568 cum
746 1503 967 1586 egrederetur
990 1505 1027 1569 in
1049 1507 1165 1588 campi
1187 1505 1291 1588 plani·

344 1604 440 1681 tiem,
472 1604 610 1668 obviam
646 1603 767 1668 habuit
800 1604 958 1669 comitem
994 1604 1289 1681 Attrabatensem,

343 1704 404 1785 qui
437 1722 514 1766 eum
546 1703 815 1785 praestolabatur
842 1722 918 1767 cum
953 1722 1080 1786 magno
1113 1706 1291 1782 exercitu;

343 1802 403 1865 uhi
429 1803 546 1866 statim
570 1804 753 1866 commisso
780 1802 912 1885 praelio,
931 1803 1157 1868 subtrahente
1177 1823 1216 1868 se
1234 1822 1291 1867 co·

344 1900 427 1965 mite
451 1900 697 1978 lincolniensi,
726 1903 826 1985 pauci
854 1902 1050 1968 vincuntur
1071 1923 1094 1968 a
1123 1903 1290 1986 pluribus.

178 2006 304 2046 J⁰h¹¹⁰¹⁸l
345 1999 449 2082 Capti
473 2002 616 2066 suntihi
639 2001 796 2067 Joannes
820 2001 1016 2067 deSancto
1037 2001 1189 2081 Joanne,
1206 2003 1292 2067 Wil-

178 2057 310 2147 gffiffi’
343 2100 469 2165 lelmus
508 2101 551 2165 de
589 2103 845 2179 Mortuomori,
882 2101 1078 2167 Willelmns
1121 2102 1166 2167 de
1204 2103 1292 2167 Bur·

179 2159 280 2257 mor·
344 2200 560 2283 mengeham,
583 2222 660 2265 cnm
690 2201 768 2265 aliis
793 2202 959 2266 militibus
986 2209 1078 2279 octo,
1106 2202 1291 2267 scutiferis-

344 2320 412 2383 que
447 2301 640 2381 nonnullis;
679 2320 767 2384 quos
802 2321 922 2366 omnes
950 2303 1144 2367 transmisit
1180 2321 1293 2367 comes

344 2398 603 2465 Attrahatensis
644 2400 797 2465 Parisios
836 2402 872 2465 in
911 2420 1073 2485 pompam
1106 2402 1291 2487 triumphi:

343 2519 458 2563 comes
492 2520 574 2565 vero
611 2499 860 2566 Lincolniensis
896 2520 975 2565 cum
1009 2502 1084 2567 suis
1120 2503 1291 2567 Baionam

344 2601 538 2664 revertitur.

396 2698 476 2763 Hoc
501 2718 591 2763 anno
614 2699 714 2762 auxit
734 2717 798 2762 rex
825 2700 992 2765 tributum
1014 2699 1057 2764 de
1080 2700 1185 2779 lanis,
1208 2703 1294 2767 acci·

343 2796 441 2880 piens
477 2799 520 2861 de
553 2798 706 2880 quolibet
743 2818 845 2864 sacco
884 2800 1117 2883 quadraginta
1152 2803 1292 2879 solidos,

343 2916 420 2959 cum
436 2898 532 2979 prius
554 2898 646 2960 ultra
668 2917 820 2961 marcam
842 2899 1019 2963 dimidiam
1043 2920 1113 2964 non
1128 2895 1292 2967 daretur.²

345 2995 387 3059 In
414 2995 503 3059 sesto
529 2997 565 3060 S.
584 2997 745 3061 Matthiae
768 3019 843 3076 rex,
865 2999 1071 3081 quibusdam
1096 3007 1200 3066 terrae
1221 3021 1290 3065 ma·

338 3093 475 3178 joribus
497 3096 588 3178 apud
613 3097 846 3161 Saresheriam
871 3099 1003 3163 vocatis
1030 3099 1075 3162 ad
1098 3102 1292 3176 concilium,

344 3196 482 3276 rogavit
499 3216 558 3260 eos
574 3203 746 3261 uteorum
767 3197 873 3280 aliqui
893 3198 929 3261 in
944 3198 1157 3264 Vasconiam
1181 3208 1292 3266 trans·

344 3296 525 3375 fretarent3
550 3297 673 3378 quibus
694 3298 916 3362 renuentibus
939 3299 1047 3381 coepit
1068 3300 1160 3364 inter
1180 3321 1292 3384 regem

344 3404 379 3461 et
396 3415 478 3459 suos
496 3396 667 3459 discordia
684 3391 882 3480 pullulare.³

395 3494 474 3558 Rex
491 3497 685 3577 omnesqui
707 3497 773 3560 sibi
795 3497 974 3562 servitium
996 3498 1182 3577 debebant,
1204 3506 1293 3564 cete-

342 3612 469 3676 rosque
493 3614 611 3658 omnes
635 3596 695 3677 qni
720 3596 844 3678 viginti
867 3598 1010 3662 libratas
1034 3606 1138 3662 terrae
1161 3606 1197 3663 et
1222 3619 1291 3664 am·

377 3819 385 3850 ¹
402 3822 509 3872 ‘eisdem
517 3817 532 3881 3'
541 3822 736 3883 M.,Ar.‚etAr.
745 3827 803 3872 22⁰.
829 3823 938 3873 without
954 3824 997 3873 the
1015 3823 1087 3887 king,
1110 3826 1185 3876 ‘Par
1205 3828 1292 3887 Danu,

376 3888 387 3917 ²
403 3892 454 3940 ‘Et
476 3892 563 3941 multae
587 3893 679 3941 fiebant
700 3907 803 3954 oppres·
829 3908 922 3953 comes,
930 3900 975 3942 out
985 3895 1044 3954 ibis,
1055 3901 1100 3943 aut
1107 3893 1251 3957 pendebis?
1267 3902 1291 3946 et

341 3961 423 4009 siones
442 3963 467 4009 in
486 3963 579 4024 populo
597 3962 690 4011 terra)
726 3963 802 4012 Hem.
829 3962 882 4019 ille,
900 3964 968 4012 ‘Per
989 3965 1056 4013 idem
1074 3966 1290 4027 juramentom‚0

341 4045 366 4090 p.
380 4035 435 4080 lll.
828 4048 883 4091 rex,
891 4048 937 4082 nec
949 4035 1000 4094 ibo,
1008 4049 1054 4083 uec
1065 4032 1199 4096 pendebo!
1217 4038 1290 4087 lien.

375 4097 386 4127 ³
403 4101 427 4148 lt
437 4116 492 4149 was
509 4117 540 4150 ou
552 4100 603 4149 this
619 4101 737 4150 occasion
748 4100 803 4149 that
830 4106 887 4151 112.
923 4104 1027 4153 Instead
1039 4103 1068 4153 ol
1079 4104 1225 4156 ‘discordia
1235 4108 1291 4169 pul·

341 4169 452 4219 Edward
465 4171 605 4220 saidtothe
618 4170 802 4221 Earlhlarshal
828 4168 925 4232 lulare,'
948 4174 1125 4236 Wulaingham
1146 4176 1204 4240 has,
1224 4177 1291 4226 ‘dia-

339 4253 370 4286 on
383 4239 422 4288 his
433 4239 547 4303 houghty
554 4242 682 4292 reluselto
692 4241 802 4304 proceed
828 4242 916 4292 cordia
925 4243 1077 4306 popularis?
