2948 4942
384 435 451 500 390
743 449 817 497 nro.
840 447 988 495 rarvnrr

223 621 276 661 ur
276 618 331 660 ον’·
389 612 425 668 et
455 604 552 685 regni
584 603 693 666 nostri
724 602 846 666 incolis
883 600 1114 666 verisimiliter
1148 600 1343 682 provenire,

223 671 330 772 triluce
389 723 453 787 pro
475 703 660 767 securitate
686 703 785 784 regni
805 702 914 767 nostri
936 701 1144 766 accessimus
1169 700 1215 764 ad
1234 700 1344 763 confi·

390 804 485 867 nium
511 803 608 884 regni
633 803 825 915 utriusque,
852 801 981 884 pluries
1003 799 1208 864 mandantes
1232 800 1344 863 eidem

391 901 562 966 Joanni
547 920 622 985 Jam
654 902 726 982 regi
759 901 897 975 Scotiac,
928 906 968 964 ut
996 900 1041 964 ad
1071 907 1168 963 certa
1199 898 1318 963 loca
1308 917 1345 962 m

391 1001 540 1065 confinio
569 1000 735 1083 praedicto
763 1000 807 1064 ad
838 1018 902 1064 nos
928 999 1106 1063 accederet
1127 1017 1232 1080 snper
1253 1017 1343 1081 prae·

392 1101 507 1164 missis
538 1107 574 1164 et
599 1100 677 1163 aliis
700 1093 1044 1176 ¹assecurationibns,
1075 1105 1219 1174 statum,
1248 1104 1344 1162 tran·

394 1199 612 1281 quillitatem,
643 1206 678 1262 et
716 1217 835 1280 pacem
870 1197 969 1280 regni
998 1198 1178 1278 utriusque
1208 1198 1344 1261 contin-

394 1299 567 1380 gentibus,
597 1305 823 1362 tractaturus.
898 1296 980 1376 Qui,
1012 1296 1137 1379 spretis
1170 1295 1344 1360 mandatis

295 1469 296 1473 Ἰ
393 1398 533 1475 nostrin,
561 1397 597 1460 in
626 1416 692 1461 sua
722 1397 909 1479 persistens
939 1395 1094 1479 pertidia,
1127 1396 1172 1460 ad
1200 1395 1344 1460 bellicos

395 1504 584 1579 apparatus
617 1516 695 1561 cnm
723 1496 904 1578 episcopis,
933 1489 1118 1578 'praelatis
1147 1495 1344 1572 comitibus,

394 1604 430 1660 et
460 1597 646 1660 baronibus
669 1595 766 1676 regni
791 1595 930 1672 Scotiae,
954 1615 995 1661 ac
1020 1595 1124 1658 etiam
1142 1593 1221 1657 aliis
1244 1601 1343 1659 exte·

394 1695 441 1758 ris
466 1694 685 1758 conductitiis
710 1702 832 1758 contra
857 1713 932 1770 nos,
956 1713 1099 1776 regnum
1120 1699 1290 1770 nostrum,
1309 1701 1345 1759 et

394 1793 492 1874 regni
512 1795 621 1858 nostri
646 1793 792 1869 incolas,
810 1792 981 1857 hostiliter
1002 1813 1040 1857 se
1059 1801 1264 1856 convertens
1285 1811 1347 1856 ac-

394 1892 517 1969 cinxit,
536 1891 631 1956 etad
654 1892 795 1956 hostiles
818 1911 1004 1975 aggressus
1026 1898 1062 1956 et
1080 1893 1238 1956 incursus
1262 1911 1343 1973 pro·

394 1992 531 2068 cedens,
561 2012 704 2074 regnum
746 1999 902 2056 nostrum
931 1992 1072 2068 invasit,
1109 1999 1144 2056 et
1175 1991 1344 2073 quasdam

395 2090 496 2154 villas
514 2093 611 2172 regni
634 2091 742 2155 nostri
760 2089 899 2173 Angliae
916 2110 978 2173 per
997 2111 1035 2154 se
1052 2099 1087 2155 et
1108 2109 1191 2155 suos
1211 2090 1346 2174 deprae-

395 2190 498 2255 datus
531 2198 596 2267 est,
628 2209 756 2273 easque
795 2190 949 2255 vastavit
980 2189 1151 2267 incendio,
1189 2188 1348 2254 homines

395 2298 531 2354 nostros
545 2289 729 2365 interfecit,
746 2297 781 2353 et
801 2289 974 2353 nonnullis
998 2289 1114 2354 nantis
1139 2290 1267 2353 nostris
1283 2309 1346 2372 per

395 2408 455 2452 eos
491 2389 689 2471 peremptis,
728 2407 835 2451 naves
870 2387 1047 2452 hominum
1078 2394 1274 2452 nostrorum
1310 2397 1347 2452 et

396 2489 493 2568 regni
523 2487 661 2568 Angliae
687 2487 841 2551 comburi
871 2486 964 2563 fecit,
993 2494 1029 2550 et
1058 2507 1077 2551 e
1107 2487 1255 2568 vestigio
1282 2507 1346 2570 ag·

396 2586 512 2666 gredi3
548 2579 775 2668 ³redditisque
801 2587 899 2650 nobis
926 2585 1088 2667 homagio
1118 2593 1153 2651 et
1178 2586 1346 2651 fidelitate

396 2693 468 2749 tam
497 2705 561 2767 pro
584 2706 621 2748 se
647 2705 750 2767 quam
776 2705 839 2767 pro
867 2685 945 2749 aliis
965 2685 1225 2768 quibuscunque
1246 2687 1346 2768 regni

396 2786 450 2846 sui
477 2785 609 2859 incolis,
633 2805 694 2866 per
716 2784 850 2848 litteras
871 2784 1025 2866 ejusdem
1050 2786 1142 2867 regis
1167 2786 1275 2850 verba
1294 2785 1346 2850 ol-

396 2882 587 2945 fensionum
614 2884 858 2965 exprimentes,
885 2891 921 2947 et
944 2885 1035 2947 inter
1060 2884 1131 2948 alia
1154 2886 1258 2948 verba
1282 2885 1348 2948 dif-

395 2981 570 3044 fidationis
605 2982 832 3059 continentes,
865 2983 1050 3047 comitatus
1084 2991 1221 3048 nostros
1255 2983 1347 3047 Nor-

395 3079 591 3157 thumbriae,
625 3078 811 3158 Gumbriae,
840 3090 876 3146 et
910 3081 1211 3147 Westmerlandiae
1247 3085 1347 3165 regni

396 3181 505 3243 nostri
529 3179 670 3261 Angliae
693 3190 904 3263 congregato
930 3182 1086 3245 exercitu
1107 3183 1241 3263 ingenti
1263 3182 1347 3247 hos·

395 3280 503 3343 tiliter
528 3300 589 3361 per
606 3299 643 3342 se
670 3287 705 3342 et
731 3300 813 3344 suos
841 3281 982 3358 invasit,
1010 3289 1162 3362 stragem
1190 3281 1348 3346 innume-

395 3398 469 3442 ram
497 3378 670 3442 hominum
701 3387 909 3455 nostrorum,
938 3380 1097 3445 incendia
1121 3382 1348 3446 monasterio-

396 3498 469 3541 rum
500 3487 535 3541 et
559 3478 780 3542 ecclesiarum
804 3487 839 3543 et
867 3478 1028 3543 villarum
1054 3478 1241 3543 inhumane
1267 3501 1347 3562 per·

394 3578 572 3658 patrando,
600 3584 636 3640 et
660 3579 805 3658 patriam
832 3578 983 3659 undique
1010 3577 1265 3660 depopulando,
1297 3581 1349 3643 in-

394 3676 508 3739 fantes
539 3676 575 3738 iu
605 3678 799 3754 cunabulis,
824 3678 985 3741 mulieres
1012 3678 1049 3741 in
1075 3679 1256 3760 puerperio
1285 3679 1346 3743 de·

394 3774 592 3839 cumbentes
622 3775 737 3855 gladio
769 3778 997 3852 trucidarunt,
1027 3785 1075 3854 et,
1103 3777 1195 3859 quod
1222 3778 1346 3842 auditu

393 3874 598 3938 horrendum
622 3883 687 3952 est,
711 3895 732 3940 a
754 3877 928 3941 nonnullis
952 3876 1152 3940 mulieribus
1175 3877 1347 3942 mamillas

429 4133 435 4163 ¹
453 4135 506 4184 The
518 4135 589 4185 other
600 4138 676 4187 MSS.
689 4137 752 4186 have
770 4139 855 4188 ‘asse-
913 4135 925 4168 ¹
940 4137 1002 4187 This
1009 4138 1080 4187 word
1089 4139 1112 4188 is
1120 4140 1268 4202 wantingin
1278 4138 1348 4193 m.

391 4206 547 4256 consonis!
913 4205 923 4236 ³
940 4204 1168 4270 ‘denegatisque;’
1182 4209 1258 4260 Matt.
1265 4211 1349 4265 west.
