2940 4950
334 423 378 487 64
689 436 762 484 Nic.
786 434 934 482 'l'RlVB'l'l

335 602 481 677 scopata
499 594 758 677 Andegavensi.
812 594 943 659 Postea
959 614 1055 672 vero,
1070 614 1148 658 cnm
1166 594 1307 660 Gallri·

335 694 400 758 dus
424 693 633 758 Perticensis
660 704 695 760 et
719 694 834 759 David
859 694 1130 759 Cenomanensis
1151 697 1306 760 comites

335 802 457 858 contra
483 793 627 858 eundem
654 814 769 876 regem
793 793 1010 871 rebellarent,
1027 793 1147 859 eodem
1168 796 1305 860 comite

337 892 589 974 Andegavense
631 894 829 978 adjuvante,
866 893 1001 957 obsedit
1039 913 1102 958 rex
1142 902 1303 959 castrum

339 986 562 1073 ¹Merit0niae,
599 995 693 1075 quod
726 1001 802 1057 erat
832 993 968 1056 comitis
1001 992 1229 1071 Perticensis,
1263 1002 1303 1059 et

336 1093 451 1175 cepit:
475 1100 510 1156 et
527 1093 609 1173 quia
626 1093 741 1156 David
759 1092 1040 1169 Cenomanensis,
1062 1102 1234 1156 evocatus
1252 1092 1300 1157 ad

336 1211 451 1273 regem
485 1193 656 1268 Francius,
690 1193 807 1255 venire
845 1192 1065 1274 contempsit,
1097 1191 1194 1256 dedit
1233 1213 1299 1257 rex

335 1291 482 1374 praesato
505 1292 622 1356 comiti
637 1291 882 1372 Andegaveusi
904 1289 1103 1372 homagium
1117 1290 1227 1368 illius,
1245 1285 1302 1357 'et

336 1392 447 1474 ipsam
463 1392 653 1467 civitatem,
669 1398 705 1454 et
721 1390 885 1472 quicquid
900 1389 1049 1454 habebat
1066 1391 1100 1453 in
1122 1389 1302 1455 Cenoma-

338 1492 434 1553 nensi
463 1492 675 1572 episcopatu.
739 1489 915 1552 Henricus
947 1489 1050 1553 etiam
1080 1488 1173 1553 filius
1203 1492 1302 1573 regis

338 1587 533 1669 Anglorum
561 1589 641 1653 fecit
666 1588 864 1670 homagium
889 1587 1064 1670 Philippo,
1086 1588 1158 1653 filio
1182 1588 1301 1654 Ledo-

337 1688 404 1750 vici
433 1689 524 1768 regis
550 1688 782 1767 Francorum
811 1694 847 1751 et
874 1686 1053 1751 Galsridus
1079 1687 1171 1751 filins
1202 1691 1301 1772 regis

337 1785 490 1866 Angliae,
507 1787 651 1868 jubente
673 1795 784 1870 patre,
803 1785 885 1851 fecit
906 1786 1103 1869 homagium
1124 1786 1300 1868 Henrico,

338 1885 438 1949 fratri
454 1905 529 1961 suo,
545 1885 587 1948 de
605 1885 733 1951 ducatu
751 1887 953 1950 Britanniae.

177 2013 317 2064 1110,an
383 1984 464 2048 Rex
499 1984 674 2048 Henricus
706 1987 741 2049 in
768 1986 978 2050 Vasconiam
1009 1986 1198 2068 profectus,
1237 1988 1300 2053 de·

176 2075 279 2165 ἔᾶῗοῖῗ
338 2085 479 2148 structis
496 2084 614 2148 multis
636 2085 801 2162 castellis,
818 2105 897 2167 quae
918 2092 1039 2149 contra
1058 2104 1136 2150 eum
1159 2089 1300 2153 munita

339 2192 449 2262 erant,
474 2178 634 2248 'comites
658 2185 973 2267 Engolismensium
996 2193 1032 2249 et
1055 2184 1097 2249 de
1121 2184 1300 2265 Marchia,

339 2284 533 2367 multosque
559 2284 658 2361 alios,
682 2286 725 2347 ad
749 2304 869 2365 pacem
891 2285 1009 2348 venire
1031 2285 1158 2367 coegit.
1212 2286 1300 2352 Gal·

338 2384 447 2447 fridus
468 2384 559 2449 filius
582 2383 672 2465 ragis
689 2382 828 2464 Angliae
850 2384 885 2446 in
904 2385 1121 2448 Britanniam
1138 2386 1300 2465 veniens,

339 2482 494 2546 Redonis
517 2483 702 2546 honorilice
724 2496 918 2565 susceptus,
936 2485 1066 2566 recepit
1085 2484 1214 2548 ibidem
1239 2487 1299 2553 ho-

337 2584 454 2663 magia
474 2590 509 2646 et
531 2582 714 2646 fidelitates
740 2583 906 2646 baronum
926 2590 961 2646 et
987 2584 1133 2648 militnm
1155 2585 1299 2651 Britan-

339 2700 472 2745 norum.
527 2681 606 2745 Rex
625 2681 801 2746 Henricus
816 2682 897 2745 secit
913 2682 1045 2747 fossata
1064 2683 1137 2747 alta
1157 2691 1192 2747 et
1209 2683 1297 2763 lata,

338 2780 428 2843 inter
445 2781 626 2846 Franciam
643 2789 678 2845 et
699 2781 962 2858 Nonnanniam,
983 2783 1027 2846 ad
1043 2782 1227 2865 praedones
1244 2806 1298 2850 ar-

338 2880 475 2945 cendos,
528 2880 572 2943 In
594 2900 685 2963 pago
706 2881 811 2945 etiarn
834 2880 1092 2961 Andegavensi,
1115 2900 1223 2964 super
1240 2884 1298 2949 Li·

338 2981 457 3060 gerim,
475 2981 518 3043 ad
536 2981 719 3043 arcendam
734 3000 872 3062 aquam,
890 3000 968 3062 quae
984 3000 1112 3045 messes
1127 2982 1301 3064 perdebat

339 3085 374 3140 et
401 3086 513 3160 prata,
542 3079 622 3142 iecit
647 3079 805 3160 quaedam
832 3080 1035 3157 retinacula,
1060 3101 1139 3163 quae
1166 3085 1298 3149 torcias

340 3186 476 3254 vocant,
502 3198 564 3260 per
595 3179 738 3260 triginta
763 3179 929 3259 miliaria;
967 3180 1137 3244 aedificare
1164 3182 1298 3249 faciens

338 3280 533 3342 mansiones
560 3280 749 3354 hominum,
772 3279 831 3361 qui
848 3272 993 3342 ⁴t0rcias
1018 3287 1188 3358 tenerent,
1207 3301 1298 3364 quos

337 3378 416 3443 fecit
432 3378 557 3442 liberos
574 3379 616 3443 de
631 3379 786 3444 exercitu
807 3386 842 3443 et
864 3378 954 3454 aliis,
977 3398 1055 3460 qnae
1075 3381 1301 3461 pertinebant

337 3478 381 3541 ad
396 3479 528 3542 fiscum.

178 3591 313 3641 ambrum
388 3576 524 3652 Catina,
544 3578 668 3640 civitas
684 3578 822 3654 Siciliae,
841 3587 941 3642 terrae
961 3587 1058 3642 motu
1074 3597 1249 3646 concussa
1265 3591 1303 3648 et

176 3643 295 3741 iiiiii?
338 3682 514 3756 prostrata
530 3684 595 3751 est,
611 3676 661 3740 ita
678 3678 766 3760 quod
786 3679 820 3741 in
838 3698 880 3742 aa
896 3677 1034 3760 plurimi
1052 3678 1245 3760 perierunt.

375 3935 452 3983 15„
482 3937 539 3981 „oa
566 3933 655 3993 aaa,
682 3934 714 3981 aa
742 3949 800 3982 ann.
863 3901 1303 3993 r‘comraa'eomatearnnana

338 4008 410 4054 ”⁵⁹⁸
827 4002 873 4101 Ari
890 4073 948 4121 stur
976 4072 1069 4133 carrea,
1096 4074 1240 4140 according
1277 4085 1304 4131 a

371 4142 512 4193 ²Omitted
533 4144 558 4190 in
571 4143 610 4190 Μ.
622 4142 672 4191 and
684 4138 753 4191 D'A.
775 4147 800 4191 to
827 4139 1001 4205 D’Aeherius,
1025 4142 1074 4191 Les
1098 4144 1194 4192 turcies
1215 4146 1252 4197 de
1277 4150 1305 4199 la

336 4214 453 4276 ‘jubente
464 4208 553 4275 patre?
829 4212 911 4260 [Aise-
