2940 4950
403 451 447 516 8⁴
763 468 837 515 mc.
855 466 1002 516 rnrvn‘ri

240 636 356 677 memt-
405 644 465 687 rex
482 624 545 687 sibi
565 623 737 701 vendicat,
754 623 814 687 sed
829 643 893 687 nos
908 642 983 686 eam
1000 621 1098 685 nobis
1113 620 1368 687 damnabiliter

241 686 388 828 ἔμε
406 743 644 803 reservamus;
671 732 776 806 atque
794 723 933 786 liberam
964 722 1155 804 praebeutes
1172 722 1367 805 impunita-

406 823 452 887 tis
466 823 658 901 materiam,
674 824 710 886 in
733 823 850 887 fauces
872 829 1010 887 nostras
1032 820 1200 885 laicorum
1222 821 1365 904 gladios

406 941 646 1005 provocamus.
691 921 962 1004 Ignominiosum
980 928 1046 998 est,
1062 919 1154 1003 quod
1172 938 1238 1002 pro
1253 939 1364 1004 cupra

407 1020 462 1085 vel
487 1022 623 1085 ovicula
645 1021 796 1103 gravior,
822 1042 885 1106 pro
907 1020 1087 1084 sacerdote
1109 1019 1226 1083 occiso
1255 1039 1363 1102 poena

406 1121 580 1185 remissior
594 1122 778 1201 irrogatur.
816 1121 884 1185 Sed
899 1113 998 1203 ¹[his]
1012 1127 1047 1184 et
1056 1118 1254 1183 durioribus
1264 1118 1363 1201 digni

406 1239 538 1297 sumus,
556 1221 616 1303 qui
632 1220 907 1304 jurisdictionem
924 1218 1085 1297 alienam,
1106 1225 1143 1282 et
1158 1219 1261 1282 nobis
1284 1237 1360 1282 om·
1409 1216 1412 1221 ’

406 1321 488 1383 nino
506 1320 707 1396 indebitam,
729 1321 916 1383 ambitione
934 1318 1117 1382 temeraria
1138 1336 1359 1399 usurpamus.

407 1419 500 1484 Nam
527 1428 562 1484 et
589 1420 626 1483 in
653 1438 796 1501 corpore
818 1420 1058 1492 Decretorum,
1081 1416 1172 1482 etin
1199 1416 1362 1499 Epistola

406 1520 449 1582 ad
485 1518 676 1597 Romanos,
716 1517 790 1583 baec
821 1519 927 1583 verba
958 1516 1084 1598 legisse
1116 1516 1359 1581 meminimus:

406 1618 519 1681 ‘Sunt
542 1619 701 1701 quaedam
722 1619 876 1682 enormia
897 1616 1042 1698 flagitia,
1063 1635 1142 1697 quae
1165 1616 1283 1699 potius
1298 1635 1362 1698 per

407 1715 525 1779 mundi
544 1717 692 1800 judices,
713 1737 816 1800 quam
838 1736 900 1800 per
922 1724 1072 1780 rectores
1094 1722 1130 1780 et
1147 1714 1287 1799 judices
1306 1734 1362 1779 ec-

406 1815 600 1891 elesiarum,
617 1816 857 1896 vindicantur3
879 1816 970 1880 sicut
984 1822 1049 1892 est,
1064 1833 1141 1879 cum
1160 1814 1241 1897 quis
1257 1816 1363 1879 inter-

408 1913 480 1978 ficit
496 1915 691 1996 pontificem
708 1923 769 1979 aut
787 1916 1036 1998 presbyterum,
1062 1913 1262 1998 hujusmodi
1283 1934 1362 1978 reos

408 2033 508 2094 reges
527 2022 561 2078 et
577 2015 747 2097 principes
763 2014 880 2078 mundi
895 2013 1085 2078 damnant!
1126 2012 1250 2077 Omnis
1267 2014 1361 2096 equi·

408 2112 485 2176 dem
511 2113 650 2196 justitia
681 2114 758 2177 ideo
785 2122 977 2189 exercetur,
1009 2120 1049 2177 ut
1077 2112 1194 2177 debita
1221 2105 1361 2195 'quiete

408 2213 559 2293 gaudeat
587 2214 798 2290 innocentia,
829 2221 864 2276 et
892 2211 1155 2294 malignantium
1182 2213 1362 2277 temeritas

408 2312 608 2376 refrenetur.
650 2312 885 2376 Veruntamen
901 2312 935 2374 in
954 2311 1019 2375 hac
1033 2310 1277 2395 jurisdictione
1292 2331 1363 2377 ma-

408 2411 545 2489 ledicta,
567 2431 671 2495 quam
692 2412 872 2475 ambitiose
891 2419 926 2475 et
941 2411 1087 2493 superbe
1107 2411 1365 2493 praesumimus,

409 2504 464 2574 ³et
487 2512 600 2575 Duum
625 2511 828 2574 offendimus
855 2517 888 2573 et
913 2511 1088 2573 dominum
1108 2529 1238 2590 regem,
1254 2511 1366 2575 viam·

410 2628 477 2692 que
494 2611 530 2671 in
549 2609 692 2673 clericos
712 2608 924 2692 malignandi
941 2609 1149 2674 tutissimam
1166 2610 1267 2673 laicis
1284 2629 1366 2693 ape-

410 2708 527 2772 rimus.
576 2708 697 2791 Nuper
713 2710 804 2791 apud
821 2709 1033 2774 Wintouiam
1051 2708 1212 2772 sacerdos
1227 2707 1365 2774 littera-

410 2815 499 2872 turae
525 2808 817 2885 commendabilis,
841 2817 875 2872 et
900 2808 1174 2873 conversationis
1192 2807 1366 2885 honestae,

411 2908 581 2972 malitiose
611 2909 745 2972 occisus
777 2915 829 2971 est
859 2928 881 2971 a
911 2907 1086 2971 Willelmo
1114 2900 1303 2972 ⁴Fresehet
1331 2916 1368 2973 et

411 3027 521 3071 uxore
558 3008 658 3091 ejus;
704 3027 766 3070 nec
810 3006 861 3071 illi
910 3007 1113 3071 maleficium
1161 3005 1366 3073 diffitentur.

414 3105 571 3189 Prompti
592 3112 674 3170 sunt
687 3126 770 3188 ergo
787 3107 916 3170 curiam
933 3106 1026 3169 adire
1042 3105 1259 3186 Romanam3
1284 3127 1366 3171 nam

413 3205 553 3269 confidit
579 3207 614 3268 in
643 3225 685 3268 ea
713 3226 772 3269 cor
797 3206 862 3269 viri
890 3207 955 3282 sui,
980 3213 1085 3288 atque
1116 3206 1153 3268 in
1180 3206 1300 3287 specie
1329 3214 1365 3271 et

412 3304 641 3387 pulcritudine
666 3323 729 3368 sua
754 3305 901 3369 intendit
920 3324 1082 3388 prospere
1104 3304 1306 3386 procedere,
1331 3313 1368 3370 et

412 3404 454 3469 de
478 3406 650 3470 lenocinio
677 3405 796 3468 uxoris
823 3405 858 3467 in
885 3406 953 3480 via,
986 3412 1111 3486 praeter
1136 3402 1368 3471 absolutionis

411 3504 625 3581 beneficium,
657 3504 788 3568 fructus
822 3503 990 3568 uberioris
1023 3500 1219 3586 manipulos
1251 3522 1370 3588 repor-

412 3609 498 3667 tare.

463 3700 560 3763 ‘Vos
587 3720 682 3781 erge,
709 3702 922 3767 dilectissimi
950 3703 1085 3779 iratres,
1112 3700 1192 3765 huic
1216 3703 1372 3785 publice

413 3800 515 3881 pesti,
538 3798 619 3863 dum
642 3801 677 3862 iu
701 3820 763 3865 suo
789 3822 892 3866 cursu
917 3810 981 3877 est,
1010 3799 1197 3865 maturiore
1220 3802 1373 3869 consilio

413 3899 583 3962 studeatis
605 3919 807 3978 occurrere;
842 3921 920 3965 nam
947 3902 976 3963 si
1000 3901 1140 3965 liberius
1167 3900 1372 3983 aliquantu-

448 4095 542 4149 ¹‘his’
554 4100 576 4148 is
587 4099 650 4149 from
661 4102 701 4150 M.
936 4098 1006 4181 '‘Get
1019 4101 1097 4184 lictu!
1109 4100 1375 4157 offendimuset'm

447 4236 458 4266 ³
472 4240 603 4302 ‘equitate
613 4234 627 4299 ς’
646 4238 692 4289 Ar.
902 4169 1129 4302 menippeum&
1138 4235 1207 4290 ΠΛ.
