2940 4950
336 443 404 509 3⁰2
701 458 773 506 ruc.
791 456 941 504 aarum

176 630 309 670 mrum
338 616 444 692 ditur,
471 614 720 695 Rogerumque
741 611 785 676 de
807 610 965 688 Clilford,
979 610 1124 676 militem
1142 609 1290 675 nobilem

339 723 375 779 et
395 714 578 790 famosum,
605 711 689 776 nihil
706 710 812 776 ¹clum
834 713 1081 793 suspicantem,
1103 710 1291 792 proditiose

339 816 375 878 in
400 823 516 878 castro
538 833 603 877 suo
626 812 668 876 de
695 811 891 876 Hawardin
917 811 1103 875 Dominicu
1123 812 1160 874 in
1191 810 1293 873 ramis

342 914 543 978 Palmarum
561 913 665 994 cepit,
689 913 929 994 quosdamque
943 912 1070 974 milites
1089 910 1168 994 ejus
1192 911 1294 973 resis-

175 682 286 729 eherousty

176 732 273 771 murden

176 782 246 829 aona
254 782 281 821 ds

176 831 268 871 cltllord.

340 1022 413 1077 tere
436 1013 592 1077 volentes
614 1013 762 1076 inermes
783 1010 920 1076 oceidit.
974 1010 1111 1074 Exinde
1132 1028 1296 1074 reversus

339 1114 384 1176 ad
401 1113 602 1195 principem,
624 1111 772 1175 collecto
785 1111 955 1187 exercitu,
973 1128 1135 1174 unacum
1162 1130 1207 1174 eo
1223 1108 1297 1172 Ro-

339 1214 504 1277 dolauum
532 1212 638 1287 venit,
660 1210 942 1292 obsidionemque
963 1211 1080 1293 posuit
1102 1211 1199 1273 circa
1219 1228 1296 1273 cas·

342 1322 444 1377 trum.
508 1311 588 1375 Rex
618 1310 823 1375 Pascbalem
851 1310 1106 1374 solemnitatem
1135 1328 1179 1374 eo
1209 1317 1297 1372 tem·

341 1433 425 1496 pore
445 1412 480 1474 in
502 1412 643 1476 dioecesi
668 1410 921 1475 saresberiensi
945 1410 1058 1474 tenuit
1079 1409 1174 1493 apud
1197 1409 1297 1473 Divi·

342 1532 421 1592 sas;
444 1511 504 1574 ubi
519 1532 623 1593 super
637 1510 703 1575 hac
716 1504 965 1575 ²commotione
980 1510 1175 1573 rumoribus
1200 1509 1298 1573 audi·

343 1614 388 1676 tis
399 1612 507 1696 jussit
531 1610 736 1693 congregari
757 1610 965 1693 quantocius
981 1610 1188 1686 exercitum,
1207 1609 1296 1672 mili·

344 1713 428 1776 tiam
445 1730 550 1794 quam
566 1718 650 1775 tunc
669 1711 705 1773 in
727 1718 889 1793 promptu
913 1709 1064 1773 habebat
1086 1727 1199 1792 usque
1225 1709 1297 1773 Ro·

343 1812 506 1875 dolanum
525 1812 753 1894 praemittens.

396 1911 478 1993 lpse
507 1930 590 1975 vero
614 1910 703 1975 clam
732 1910 1013 1975 Ambresburiam
1036 1909 1134 1986 adiit,
1160 1916 1202 1972 ut
1224 1927 1299 1971 ma-

246 1990 263 2017 *
303 2007 308 2016 '
344 2020 430 2075 trem
458 2030 557 2073 suam
585 2011 767 2088 salutaret,
799 2030 878 2092 quae
904 2018 987 2074 tunc
1016 2010 1052 2074 in
1075 2009 1136 2073 illo
1159 2027 1299 2073 monas-

344 2112 432 2176 terio
447 2112 656 2176 morabatur.
709 2109 867 2191 Contigit
884 2119 1000 2175 autem
1016 2110 1097 2174 dum
1117 2109 1167 2172 ibi
1193 2117 1298 2184 esset,

345 2221 385 2276 ut
415 2211 554 2294 quidam
579 2212 624 2274 ad
652 2211 774 2274 matris
801 2209 878 2293 ejus
903 2211 1123 2292 praesentiam
1151 2208 1299 2272 adduce

346 2319 451 2386 retur,
468 2311 527 2393 qui
553 2330 615 2392 per
638 2320 773 2393 tempus
788 2306 947 2393 'aliquod
970 2329 1009 2373 se
1031 2327 1162 2373 caecum
1187 2308 1298 2371 finxe-

346 2418 413 2488 rat,
444 2412 624 2492 visumque
658 2411 723 2473 sibi
755 2409 799 2473 ad
830 2410 977 2474 Henrici
1004 2409 1180 2492 quondam
1205 2408 1297 2490 regis

348 2511 517 2574 tumulum
550 2511 759 2574 restitutum.
821 2509 979 2575 Noverat
1010 2509 1101 2572 bunc
1134 2527 1200 2572 rex
1232 2507 1298 2571 Ed·

347 2610 497 2685 warduS,
519 2612 562 2673 ab
583 2611 727 2692 antiquo
743 2609 884 2672 malitiis
902 2609 1083 2684 famosum,
1104 2608 1300 2673 fraudibus·

347 2730 414 2792 que
430 2711 474 2772 ab
492 2710 573 2773 olim
589 2718 625 2773 et
642 2709 829 2772 mendaciis
845 2716 1033 2773 assuetum.
1086 2707 1199 2772 Matri
1217 2727 1297 2772 vero

348 2810 602 2873 narrationibus
618 2809 694 2892 ejus
717 2809 900 2891 plurimum
924 2808 1149 2892 applaudenti
1164 2828 1209 2871 ne
1224 2827 1296 2871 cre·

347 2909 443 2972 deret
469 2909 654 2988 dissuasit;
678 2928 757 2991 quae
786 2909 821 2971 in
847 2910 933 2972 iram
956 2927 1058 2972 versa
1084 2908 1193 2970 tilium
1218 2927 1297 2988 gra-

347 3009 486 3072 vissime
512 3008 700 3090 redarguit,
727 3027 966 3091 cameramque
997 3027 1095 3071 suam
1127 3026 1297 3071 evacuare

347 3109 520 3190 praecepit.
574 3107 639 3173 Cui
651 3109 761 3192 jussis
777 3108 942 3172 maternis
957 3107 1131 3171 humiliter
1153 3109 1297 3189 parenti,

347 3208 426 3271 dum
451 3208 672 3289 egrederetur
692 3208 842 3272 occurrit
865 3209 959 3291 prior
980 3206 1207 3290 provincialis
1231 3206 1298 3270 fra·

348 3315 438 3371 trum
470 3308 754 3384 Praedicatorum‚
780 3306 889 3372 frater
919 3308 1028 3389 Ilugo
1054 3307 1096 3369 de
1124 3306 1298 3370 Mamces·

347 3392 426 3483 tria,
440 3409 494 3470 vir
510 3427 646 3489 magnae
664 3407 894 3483 discretionis,
908 3427 949 3472 ac
967 3408 1134 3488 magister
1151 3407 1188 3469 iu
1205 3407 1298 3470 theo

348 3507 450 3587 logia,
479 3509 539 3589 qui
568 3515 604 3570 et
635 3508 701 3590 ipsi
729 3508 802 3588 regi
828 3507 1044 3571 familiariter
1069 3514 1173 3570 notus
1200 3514 1296 3585 erat;

346 3626 447 3688 quem
477 3627 539 3671 rex
564 3607 607 3670 ad
638 3615 771 3689 partem
801 3606 954 3684 trahens,
980 3606 1146 3670 offensam
1177 3607 1298 3670 matris

346 3707 529 3789 omniaque
558 3725 636 3789 quae
667 3701 903 3788 ⁴contigerant
933 3727 994 3789 per
1024 3706 1177 3771 ordinem
1202 3726 1300 3770 enar·

346 3825 437 3880 rane,
462 3807 612 3870 finaliter
639 3806 704 3870 hoc
729 3806 879 3890 adjecit:
908 3806 1029 3888 ‘Eg0,’
1053 3807 1179 3888 inquit,
1203 3808 1297 3889 ‘jus-

345 3905 458 3969 titiam
482 3907 592 3988 patris
611 3907 677 3970 mei
698 3913 834 3970 tantum
860 3906 954 3983 novi,
978 3906 1070 3989 quod
1089 3907 1206 3988 potius
1221 3905 1300 3969 huic

345 4074 494 4082 ——-..
503 4078 510 4082 .
522 4077 654 4083 -..——....

381 4179 388 4210 ¹
408 4181 497 4229 ‘talem
507 4176 521 4240 ;'
534 4181 571 4228 M.
582 4185 606 4228 et
614 4180 662 4228 Ar.
673 4185 731 4230 220.
866 4179 877 4211 ⁸
894 4179 1013 4242 ‘aliquod
1021 4194 1049 4228 ee
1057 4184 1137 4228 totum
1146 4179 1163 4241 ;’
1173 4180 1298 4231 Mam.

380 4248 390 4279 ²
408 4251 623 4300 ‘convocationem
633 4251 650 4310 3⁹
658 4252 697 4299 Μ.
866 4249 876 4278 ⁴
892 4246 955 4312 *εἰς’
967 4249 1052 4300 added
1063 4249 1089 4299 in
1101 4250 1140 4300 M.
1152 4251 1204 4300 aud
1217 4251 1266 4301 Ar.
