2940 4950
514 470 696 519 susanne.
1014 456 1080 521 255

121 648 241 710 scopo,
271 629 361 692 inter
396 625 604 690 Edwardum
627 634 662 691 et
694 625 842 690 barones
874 628 932 709 qui
961 627 1077 691 villam

123 732 288 810 ceperant
315 725 462 789 inducias
486 734 568 789 sunt
594 732 764 807 acceptae:
802 727 928 807 quibus
954 727 1080 791 duran-

123 826 229 903 tibus,
259 825 421 906 fugerunt
443 825 503 907 qui
532 823 649 887 villam
673 831 846 906 ceperant,
875 827 1079 908 burgenses·

124 945 192 1008 que
208 944 248 989 se
263 933 299 988 et
314 942 379 987 sua
396 917 615 986 ¹dediderunt
630 923 814 987 Edwardo.

177 1023 349 1087 Henricns
376 1041 439 1085 rex
465 1022 509 1085 de
535 1021 685 1085 Francia
709 1041 879 1097 reversus,
903 1021 1139 1130 Οιοιιίαιιιιιῖιι
1114 1051 1165 1088 ιιι

124 1123 278 1198 veniens,
315 1120 542 1203 personaliter
578 1121 744 1184 orationis
778 1121 893 1201 gratia
921 1095 1172 1187 sanctamrllnoe

125 1221 213 1285 adiit
230 1214 505 1284 ²Frideswidam.
558 1217 723 1283 Armatus
741 1238 869 1330 nempe
886 1218 952 1282 fide
972 1229 1079 1296 recta,

125 1339 195 1384 non
227 1319 357 1383 veritus
385 1324 440 1383 est
469 1318 743 1400 superstitiosam
776 1317 972 1399 opinionem
1003 1319 1080 1383 illo-

125 1438 202 1482 rum
224 1419 285 1500 qui
306 1423 431 1499 putant
452 1416 611 1480 illicitum
638 1416 776 1496 regibus
796 1415 926 1480 intrare
948 1417 1079 1494 villam,

126 1517 291 1582 ultionem
314 1516 349 1579 in
380 1533 439 1579 eos
470 1515 603 1596 virgine
631 1522 823 1577 exercente.
890 1514 946 1578 Ad
977 1536 1078 1598 quem

128 1635 205 1679 cum
241 1615 394 1680 venisset
425 1613 518 1677 filius
556 1613 643 1696 ejus,
678 1613 872 1679 coadunato
890 1648 893 1654 ·
911 1616 1079 1691 exercitu,

125 1714 297 1796 disposuit
314 1713 431 1778 hostes
446 1712 482 1775 in
501 1730 606 1775 manu
620 1711 737 1775 valida
752 1712 965 1794 propulsare.
1018 1712 1079 1776 In·

126 1814 226 1878 terim
248 1811 505 1876 londonienses
522 1810 732 1894 justitiarios
754 1811 846 1892 regis
872 1819 907 1874 ct
933 1813 1078 1877 barones

126 1911 170 1975 de
208 1911 384 1976 scaccario
423 1909 610 1991 capientes,
652 1910 781 1974 carceri
825 1911 1077 1992 manciparunt.

127 2009 208 2074 Rex
232 2029 314 2074 vero
335 2009 466 2072 hahens
487 2027 602 2072 secum
627 2008 778 2072 illustres
800 2009 984 2090 principes,
1015 2010 1078 2073 Ri-

125 2108 268 2173 cardum
293 2126 494 2191 germanum
521 2127 619 2170 suum
647 2127 763 2187 regem
795 2106 1011 2171 Alamanniae
1037 2127 1078 2172 ac

125 2207 234 2271 filiam
257 2226 357 2271 snum
386 2206 607 2283 Edwardum,
634 2204 914 2287 Willclmnmque
941 2206 984 2269 de
1007 2205 1078 2269 Va·

126 2306 243 2371 lentiis
271 2306 409 2371 fratrem
439 2306 624 2377 uterinum,
651 2303 927 2385 clarissimosque
952 2304 1078 2368 milites

125 2404 298 2469 loannem
317 2403 450 2487 Comyn
466 2404 509 2468 de
529 2403 648 2468 Scotia
667 2421 745 2465 eum
765 2401 983 2466 multitudine
997 2401 1078 2467 Sco·

128 2510 256 2579 torum,
266 2502 290 2566 J
292 2521 435 2567 oannem
452 2502 495 2566 dc
513 2502 662 2566 Balliolo
678 2500 852 2564 dominum
866 2493 1077 2577 ³Galwidiae,

128 2601 322 2667 Rohertum
355 2602 398 2666 de
429 2602 521 2665 Brus
559 2600 735 2664 dominum
762 2598 1077 2677 Vallis-Anandiae,

127 2700 306 2781 Rogemm
347 2700 391 2765 de
414 2692 588 2776 ‘Clifford
629 2699 827 2781 Philippum
867 2698 1078 2777 Marmioun,

125 2798 300 2863 loannem
330 2799 373 2864 de
395 2793 586 2875 ⁵Vallihus,
603 2798 779 2879 Rogerum
814 2797 857 2861 de
886 2797 1078 2880 Leyborne,

127 2897 323 2962 Henricum
352 2897 395 2961 de
428 2896 553 2978 Percy,
586 2896 784 2979 Philippum
812 2897 974 2974 Basseth,
1005 2897 1078 2961 Ro·

1139 1090 1239 1129 mafrorn

127 3016 249 3079 gerum
280 2996 324 3059 de
353 2995 609 3073 Mortuo-mari,
642 3016 720 3061 cum
754 2997 909 3060 exercitu
937 3009 1197 3078 progredietur

128 3095 228 3160 diens
251 3094 366 3159 villam
391 3093 693 3178 Northamptoniae
713 3094 858 3171 obsedit,
877 3115 981 3177 quam
1005 3096 1078 3160 Do·
1091 3061 1214 3248 ΞῖΞοΞΞ
1182 3061 1239 3101 ‘m

129 3194 256 3259 minica
282 3194 317 3259 in
340 3192 509 3258 Passione
535 3193 677 3258 effracto
705 3213 803 3256 muro
832 3193 1196 3260 introducendas

128 3293 250 3377 pitque
288 3292 324 3356 in
357 3293 419 3356 illa
450 3293 578 3356 milites
617 3290 830 3355 vexilliferos
861 3290 1079 3372 quindecim;

129 3390 288 3457 videlicet
303 3390 486 3473 symonem
500 3392 685 3475 juniorem,
706 3390 918 3453 Willclmum
935 3389 978 3452 de
997 3389 1080 3453 Fer·

128 3490 243 3567 ratiis,
279 3488 423 3554 Petrum
473 3490 516 3554 de
565 3488 799 3564 Monte-forti,
840 3486 1080 3551 Baldewinum

165 3728 174 3763 ¹
190 3730 335 3781 ‘dederunt
344 3726 358 3791 ;’
369 3725 438 3783 MA.
653 3726 664 3760 ³
680 3728 840 3780 ‘Galwediae
851 3724 866 3787 ;‘
878 3730 917 3779 M.

163 3798 175 3829 ³
189 3800 394 3851 ‘Frcdeswldam
403 3797 419 3860 ;’
433 3801 494 3850 cod.
507 3800 592 3862 stega
654 3797 663 3826 ⁴
679 3799 806 3849 ‘Glifford
817 3799 834 3860 ς’
846 3794 914 3849 D'A.
951 3799 1022 3849 Here
1042 3814 1081 3847 we

125 3865 370 3932 ‘Fridcswydam'
391 3869 438 3919 Ar.
488 3868 593 3918 Bucer's
619 3881 677 3928 may
694 3874 752 3917 note
768 3868 823 3918 that
842 3863 1009 3917 D'Acherius’
1029 3868 1082 3916 edi·

128 3940 190 3991 wite
207 3954 262 3989 was
283 3938 372 3988 huried
394 3939 421 3987 in
442 3938 484 3986 the
508 3938 593 3987 shrine
619 3938 671 3984 tion
690 3938 713 3985 is
730 3939 820 3986 almost
838 3938 936 3998 always
954 3936 1035 3996 faulty
1055 3937 1080 3983 in

128 4011 158 4059 of
182 4010 220 4059 St.
244 4007 411 4068 frideswida,
440 4007 467 4056 in
495 4006 593 4057 Christ·
619 4006 726 4067 English
738 4021 829 4068 proper
837 4021 932 4065 names
939 4005 1082 4053 andnamcs

127 4076 446 4138 church,011'0rd,with
469 4075 519 4125 this
541 4071 594 4144 (al·
619 4075 648 4123 of
667 4076 762 4136 places.
803 4076 850 4122 We
873 4074 937 4121 have
958 4072 1082 4121 therefore

129 4152 196 4197 mest
204 4143 349 4210 equivocal)
357 4146 514 4208 inscription,
525 4146 592 4194 ‘Hic
618 4144 702 4205 rarely
713 4144 812 4191 noticed
824 4143 864 4191 his
875 4141 1020 4190 variatione.

123 4219 212 4278 jacent
222 4216 324 4278 Religio
335 4220 361 4264 et
373 4210 539 4279 Superrtrtro
653 4206 849 4270 ΜΜιι]1ἰ1ιιιι;
864 4211 902 4260 M.
