2948 4942
401 419 468 485 396
768 433 843 486 nro.
860 435 1008 484 rarvarr

402 599 554 656 mentum
589 589 776 655 Londoniis
801 593 1020 656 convocavit.
1082 591 1182 676 Papa
1209 593 1356 658 Bonifa-

403 693 477 755 cius
507 711 569 774 per
600 690 735 755 litteras
766 710 849 754 suas
880 710 995 772 regem
1026 689 1220 774 Anglorum
1251 693 1356 757 inter-

402 791 559 873 pellavit,
590 798 628 853 ut
667 790 740 871 regi
776 790 989 854 Francorum
1015 810 1174 873 guerram
1201 811 1354 857 commo·

403 899 504 970 veat3
536 889 627 972 quod
652 890 682 952 si
707 889 824 966 saciat,
851 890 973 971 ingens
998 891 1188 955 subsidium
1212 892 1355 974 pollice·

402 997 471 1054 tur.
524 989 591 1054 Sed
618 1008 679 1051 rex
704 988 842 1070 Angliae
869 989 957 1053 alias
984 989 1112 1054 domini
1138 1010 1239 1074 papae
1269 1012 1355 1073 erga

402 1109 440 1153 se
478 1088 638 1153 affectum
664 1094 829 1171 expertus
856 1088 1008 1164 infidum,
1043 1109 1115 1152 rem
1145 1090 1292 1168 distulit,
1324 1093 1356 1154 si

402 1190 565 1271 possibile
602 1194 695 1252 esset
722 1206 924 1271 recuperare
946 1207 1009 1272 per
1040 1189 1132 1253 viam
1156 1190 1262 1254 aliam
1290 1209 1357 1255 sua

402 1288 546 1352 maleus.

240 1406 351 1448 anaor
448 1387 491 1450 In
516 1384 683 1451 Flandria
709 1387 918 1468 Brugenses,
936 1383 1149 1451 Gallicorum
1173 1389 1354 1453 exaction-

240 1457 389 1498 ²h⁰⁸¹⁶¹¹¹¹⁸¹¹'
402 1486 479 1550 ibus
495 1480 679 1571 ¹[injustis]
695 1486 796 1549 nimis
813 1485 980 1569 oppressi,
997 1485 1020 1549 J
1023 1488 1168 1551 acobum
1183 1487 1220 1552 S.
1238 1487 1355 1566 Pauli,

403 1587 463 1667 qui
488 1585 579 1669 apud
605 1604 664 1649 eos
692 1584 806 1648 locum
837 1585 929 1666 regis
961 1586 1112 1663 tenebat,
1142 1587 1355 1669 expulerunt

403 1684 446 1748 de
465 1686 559 1762 villa,
582 1684 738 1766 plurimis
758 1685 795 1747 in
814 1683 880 1748 boe
899 1685 1047 1749 tumultu
1075 1683 1222 1750 Gallicis
1247 1687 1355 1751 inter·

402 1783 512 1848 tectis.
567 1783 611 1846 In
640 1782 814 1847 domiuum
843 1802 927 1847 vero
954 1791 990 1848 et
1014 1783 1226 1849 defensorem
1253 1805 1357 1850 voca·

404 1891 527 1947 verunt
551 1881 744 1946 Guidonem
768 1883 927 1947 comitem
951 1881 1144 1961 Namurcii,
1164 1885 1273 1948 filium
1298 1905 1356 1950 eo-

402 1983 496 2047 mitis
537 1981 758 2046 Flandreusis
794 1982 830 2045 in
864 1982 1022 2046 custodia
1060 1983 1172 2047 adhuc
1210 1984 1354 2049 detenti.

404 2080 533 2159 Guido,
567 2083 740 2146 associato
782 2082 848 2145 sibi
883 2081 1060 2146 Willelmo
1100 2082 1143 2147 de
1180 2082 1203 2146 J
1207 2083 1355 2162 uliariis,

403 2200 480 2244 cum
500 2200 681 2246 numerosa
695 2179 914 2245 multitudiue
927 2180 1134 2246 bellatorum
1153 2181 1355 2262 adveniens,

403 2282 502 2345 auxit
543 2280 804 2344 Flandrensium
838 2281 971 2344 animos
1010 2281 1194 2364 plurimum
1231 2291 1357 2348 contra

243 2399 358 2440 arona.
406 2378 539 2445 Gallos.
594 2380 733 2445 Interea
764 2380 952 2457 Robertus,
982 2399 1097 2444 comes
1125 2379 1356 2448 Attrabaten·

243 2454 311 2489 taceo
322 2451 360 2490 tbe
426 2480 433 2493 .

242 2499 376 2589 {grangem
406 2498 562 2557 s1s,cum
583 2481 737 2544 exercitu
760 2480 911 2543 maximo
937 2479 1063 2543 missus
1084 2480 1120 2543 in
1140 2480 1354 2560 Flaudriam,

241 2598 344 2638 avaron
405 2591 495 2643 mter
509 2572 764 2643 ²Corturiacum
790 2586 826 2643 et
844 2579 980 2660 Bruges
1002 2581 1152 2644 tentoria
1174 2599 1238 2643 sua
1258 2581 1353 2662 fixit3

242 2648 382 2738 iimo
406 2686 528 2742 contra
557 2698 659 2761 quem
692 2678 922 2742 Flandrenses
958 2679 1100 2758 egressi,
1131 2699 1250 2743 omnes
1283 2681 1355 2745 fere

243 2748 352 2790 ’ΜΝ
405 2779 552 2858 pedites,
568 2777 724 2860 praelium
750 2778 993 2858 gravissimum
1012 2787 1258 2843 conseruerunt
1275 2800 1357 2844 cum

406 2875 563 2940 Gallicis.
615 2875 751 2954 Quibus
774 2877 1090 2953 subcumbentibus,
1107 2879 1250 2942 comites
1267 2874 1355 2943 ³At-

405 2975 624 3050 trabatensis‚
646 2968 770 3056 *Auge
799 2983 834 3039 et
856 2975 1107 3054 Albae-marlae,
1134 2978 1267 3059 virique
1295 2999 1356 3043 no-

405 3074 491 3138 biles
507 3072 716 3137 Godesridus
734 3075 831 3138 ducis
851 3075 1049 3139 Brabautiae
1072 3096 1258 3157 germanus
1275 3098 1356 3142 cum

406 3174 476 3237 tilio
506 3194 582 3250 suo,
607 3174 698 3237 filius
725 3175 860 3238 comitis
890 3173 1077 3252 Hanouiae,
1111 3175 1285 3240 Radulfus
1311 3176 1356 3241 de

406 3272 550 3356 Nigella
588 3273 865 3337 constabularius
910 3272 1079 3351 Franciae,
1132 3295 1209 3339 cum
1247 3275 1357 3340 tratre

406 3393 470 3437 suo
489 3372 649 3437 Guidone
671 3372 873 3437 marescallo
894 3367 1115 3461 ⁵[Frauoiae,]
1143 3374 1359 3456 Reginaldus

406 3471 449 3536 de
478 3473 563 3535 Tria
592 3473 702 3549 miles,
734 3472 912 3535 Emericus
939 3471 1158 3536 Camerarius
1186 3473 1229 3537 de
1261 3475 1358 3539 Tan·

407 3572 560 3648 orevilla,
584 3572 709 3636 Petrus
726 3565 846 3635 ⁰Flote
866 3573 957 3652 regis
983 3572 1194 3637 Francorum
1217 3574 1357 3639 consili-

407 3671 500 3733 arius
535 3673 743 3753 praecipuus,
782 3679 818 3734 et
855 3672 1076 3735 exactionum
1114 3673 1358 3755 praedictarum

405 3776 527 3833 auctor
547 3771 720 3833 maximus
741 3770 764 3834 J
768 3770 895 3834 acobus
920 3770 956 3835 S.
976 3770 1091 3848 Pauli,
1115 3772 1152 3834 in
1174 3791 1215 3836 eo
1235 3774 1358 3855 praelio

441 3991 449 4023 ¹
467 3994 529 4044 This
540 3996 610 4044 word
621 3997 644 4044 is
655 3996 718 4046 from
731 3996 777 4047 Ar.
790 4003 849 4050 220.
929 3996 940 4027 ⁴
958 3999 1048 4063 ‘Argi
1062 4001 1086 4062 ς’
1106 4002 1182 4052 Matt.
1206 4002 1288 4055 West.
1308 4005 1361 4055 aud

441 4061 452 4093 ²
469 4065 657 4115 ‘Cortiniucurn
666 4062 684 4124 ς’
696 4068 778 4117 MSS.
894 4069 975 4118 Wals.
988 4074 1030 4120 86.

441 4131 451 4161 ³
466 4135 474 4162 ‘
484 4135 516 4183 de
535 4137 639 4186 Arthois
652 4132 672 4198 ς’
690 4138 766 4189 Matt.
788 4138 868 4188 West.
928 4136 939 4166 ⁸
956 4139 1019 4188 Thia
1029 4139 1102 4190 word
1113 4140 1136 4189 is
1147 4140 1210 4190 from
1221 4141 1261 4192 Μ.

407 4205 457 4253 and
469 4204 546 4255 Hem.
562 4210 618 4256 lue.
930 4205 1075 4271 “Flam2
1088 4210 1206 4263 dnm
