2948 4942
242 1808 298 1847 John
307 1808 331 1847 ot

240 1858 347 1907 sunnon

240 1908 383 1957 mndobiahop

241 1958 265 1997 ol
272 1958 377 1998 norwich.

407 416 451 481 80
762 432 837 481 uto.
860 432 1009 480 rutvurr

404 590 488 654 driae
502 589 694 667 firmitates,
710 609 796 673 quas
812 590 848 654 in
864 587 1081 654 Normannia
1096 597 1272 672 ceperant,
1286 592 1365 673 regi

405 689 544 772 Angliae
560 689 791 754 reddiderunt.

456 788 544 854 Post
558 788 684 853 festum
702 788 738 855 S.
755 788 778 852 J
781 788 903 853 oannis
920 788 1065 853 moritur
1079 788 1277 854 Almaricus
1295 810 1361 855 rex

404 888 612 965 Jerusalem,
644 889 877 971 successitque
908 888 998 951 filius
1031 887 1107 972 ejus
1134 888 1360 955 Baldewinns

404 994 561 1070 quartus.
614 986 710 1051 Obiit
732 989 836 1053 etiam
866 986 1067 1051 Noradinus
1097 1007 1160 1052 rex
1181 987 1360 1071 Halapiae,

404 1094 439 1150 et
467 1087 633 1151 successit
658 1086 749 1150 filius
774 1086 861 1170 ejus,
888 1094 990 1151 natus
1012 1106 1056 1150 ex
1079 1105 1197 1152 sorore
1221 1088 1360 1152 comitis

404 1185 438 1249 S.
457 1185 599 1267 AEgidii,
625 1206 728 1269 quam
755 1186 791 1249 in
817 1186 939 1249 itinere
967 1186 1254 1269 lerosolymitano
1278 1207 1360 1270 cao

404 1286 511 1349 tivum
539 1292 730 1367 acceperat.
783 1283 867 1367 Ipsa
893 1305 974 1349 vero
1004 1292 1040 1349 et
1067 1285 1158 1350 filins
1183 1286 1271 1370 ejus,
1299 1306 1361 1353 ac-

403 1386 512 1467 ceptis
540 1384 687 1449 induciis
708 1404 729 1448 a
756 1403 838 1465 rege
859 1383 1055 1448 Jerusalem
1078 1386 1254 1468 usquead
1279 1405 1361 1469 sep·

403 1485 569 1561 tennium,
588 1486 818 1566 promiserunt
834 1484 866 1547 ei
884 1484 1066 1566 plurimam
1083 1503 1251 1548 summam
1268 1486 1357 1549 anri.

402 1581 628 1664 Saraguntat,
655 1583 825 1648 Noradini
851 1602 970 1665 nepoS,
992 1577 1135 1647 ¹oocidit
1162 1583 1358 1648 amiralium

404 1681 619 1765 Babyloniae,
651 1690 722 1746 tam
759 1682 962 1764 Babyloniae
994 1702 1098 1765 quam
1131 1681 1359 1748 Alexandriae

403 1781 563 1862 princeps
578 1779 700 1845 factus.
750 1780 774 1844 J
777 1801 906 1845 oannes
923 1780 1143 1859 Oxoniensis,
1165 1781 1360 1847 Saresberi-

404 1879 497 1943 ensis
531 1879 692 1959 decanus,
728 1879 772 1944 ad
809 1881 1046 1964 episcopatum
1081 1881 1220 1963 eligitur
1261 1880 1357 1949 Nor-

404 1980 597 2045 wicensem.

421 2171 575 2229 ⁰·N·³·c·l
652 2178 674 2214 Ρ.
688 2178 849 2214 sentuosum
864 2179 889 2214 a.
1006 2179 1159 2214 rutucoatm
1195 2178 1337 2215 suetonum

433 2265 545 2300 noruxv·
585 2265 730 2300 amrinum
742 2266 780 2301 111.
806 2265 971 2302 aurneinan.
998 2265 1173 2302 nonomcrrn.
1193 2265 1344 2302 nennrcrrr.

663 2326 702 2370 lo.
842 2325 936 2370 202³.
1061 2325 1101 2371 88.
1246 2324 1288 2371 21.

240 2477 390 2518 araneae
455 2452 693 2516 annnurcus
732 2453 931 2533 imperator,
968 2472 1045 2516 cum
1080 2470 1189 2515 uxore
1222 2469 1287 2516 sua
1322 2462 1360 2519 et

240 2538 341 2578 emperor.

402 2550 531 2627 liberis,
550 2550 769 2632 maximoque
793 2553 961 2629 exercitu,
982 2553 1019 2614 in
1043 2550 1183 2614 Italiam
1200 2552 1358 2630 veniens,

403 2649 537 2712 obsedit
553 2648 825 2729 Alexandriam3
854 2649 938 2714 nihil
957 2650 1151 2733 proficiens,
1169 2650 1229 2714 sed
1243 2651 1359 2717 multa

403 2747 578 2811 sustinens
604 2748 820 2813 detrimenta.
874 2750 975 2814 Circa
996 2748 1145 2827 Pascha,
1172 2749 1234 2813 filii
1260 2753 1357 2833 regis

403 2845 596 2927 Anglorum
632 2847 804 2930 pacificati
834 2857 1001 2913 venerunt
1034 2848 1077 2912 ad
1111 2856 1258 2931 pauent,
1291 2854 1355 2933 qni

402 2952 537 3010 retento
562 2966 677 3010 secum
705 2947 859 3011 Hearico
884 2969 977 3031 rege,
1004 2947 1191 3013 Ricardum
1212 2948 1358 3014 fratrem

403 3065 502 3108 suum
530 3047 623 3110 misit
651 3047 687 3109 in
718 3046 960 3129 Aquitaniam
992 3047 1188 3112 Galsridum
1211 3066 1294 3111 vero
1319 3050 1356 3113 in

405 3143 631 3222 Britanniam,
654 3154 911 3227 procuratorem
936 3155 1037 3212 terra>
1058 3165 1132 3210 suae
1153 3145 1355 3212 Rolaudum

402 3244 444 3308 de
470 3245 586 3308 Binan
615 3245 724 3309 eidem
752 3246 945 3326 assignans.
993 3245 1177 3310 Frederico
1207 3246 1358 3329 impera-

403 3353 478 3408 tore
505 3345 686 3409 recedente
708 3345 751 3408 ab
775 3343 1002 3420 Alexandria,
1026 3353 1213 3410 tractatum
1237 3353 1293 3411 est
1312 3346 1356 3412 de

401 3464 486 3525 pace
508 3446 597 3508 inter
614 3444 788 3508 dominum
811 3464 937 3527 papam
960 3453 995 3508 et
1013 3445 1137 3527 ipsum,
1159 3443 1218 3509 sed
1241 3445 1357 3511 noluit

402 3543 589 3623 imperator
606 3544 683 3624 paci
701 3542 933 3625 adquiescere,
950 3545 1016 3608 nisi
1034 3544 1227 3609 dirueretur
1245 3542 1357 3609 Alex-

402 3639 534 3716 andria,
563 3642 655 3723 quod
681 3641 869 3706 Lumbardi
895 3643 1007 3707 facere
1035 3650 1231 3708 renuerunt.
1284 3643 1357 3710 Re·

403 3740 531 3802 mansit
554 3749 669 3803 autem
696 3740 943 3822 imperatorin
972 3744 1055 3806 urbe
1081 3742 1257 3824 Papiensi,
1283 3763 1356 3809 uon

403 3845 544 3921 patente
575 3840 618 3915 ei,
653 3858 716 3920 pro
748 3839 860 3916 libitu,
890 3842 990 3924 copia
1020 3841 1213 3906 recedendi.
1265 3840 1357 3908 Gal-

402 3937 511 4002 fridus
525 3939 597 4001 dux
615 3938 805 4002 Britanniae
824 3941 1001 4005 revocavit
1014 3941 1049 4004 iu
1070 3941 1235 4005 ditionem
1253 3959 1356 4007 suam

402 4037 576 4102 Venatum
602 4047 638 4101 et
660 4037 903 4115 Pleasmelum,
935 4039 1043 4104 Aurei
1066 4040 1359 4125 medietatemque

443 4195 450 4225 ¹
463 4198 572 4248 ‘occidit
582 4196 744 4246 admiralium
756 4197 916 4261 Babyloniae,
925 4204 1015 4261 estque
1028 4198 1192 4248 Alexandriae
1200 4193 1216 4257 ς’
1233 4193 1305 4251 D’A.
