<?xml version="1.0" encoding="UTF-8"?>
<!DOCTYPE html PUBLIC "-//W3C//DTD XHTML 1.0 Transitional//EN"
    "http://www.w3.org/TR/xhtml1/DTD/xhtml1-transitional.dtd">
<html xmlns="http://www.w3.org/1999/xhtml" xml:lang="en" lang="en">
 <head>
  <title>
</title>
<meta http-equiv="Content-Type" content="text/html;charset=utf-8" />
  <meta name='ocr-system' content='tesseract 3.04.00' />
  <meta name='ocr-capabilities' content='ocr_page ocr_carea ocr_par ocr_line ocrx_word'/>
</head>
<body>
  <div class='ocr_page' id='page_1' title='image "./fnicholaitrivet00trivgoog/fnicholaitrivet00trivgoog_0098.png"; bbox 0 0 2940 4950; ppageno 0'>
   <div class='ocr_carea' id='block_1_1' title="bbox 583 458 1148 522">
    <p class='ocr_par' dir='ltr' id='par_1_1' title="bbox 583 458 1148 522">
     <span class='ocr_line' id='line_1_1' title="bbox 583 458 1148 522; baseline 0.007 -4"><span class='ocrx_word' id='word_1_1' title='bbox 583 471 763 521; x_wconf 69' lang='lat' dir='ltr'>anninus.</span> <span class='ocrx_word' id='word_1_2' title='bbox 1104 458 1148 522; x_wconf 79' lang='lat'>65</span> 
     </span>
    </p>
   </div>
   <div class='ocr_carea' id='block_1_2' title="bbox 185 624 1286 2290">
    <p class='ocr_par' dir='ltr' id='par_1_2' title="bbox 185 624 1286 2290">
     <span class='ocr_line' id='line_1_2' title="bbox 243 624 1273 735; baseline 0.002 -45"><span class='ocrx_word' id='word_1_3' title='bbox 243 624 322 690; x_wconf 87' lang='lat' dir='ltr'>Rex</span> <span class='ocrx_word' id='word_1_4' title='bbox 340 627 526 704; x_wconf 83' lang='lat' dir='ltr'>Henricns,</span> <span class='ocrx_word' id='word_1_5' title='bbox 545 628 736 710; x_wconf 87' lang='lat' dir='ltr'>pacificatis</span> <span class='ocrx_word' id='word_1_6' title='bbox 759 629 861 693; x_wconf 87' lang='lat' dir='ltr'>rebus</span> <span class='ocrx_word' id='word_1_7' title='bbox 877 627 1074 705; x_wconf 84' lang='lat' dir='ltr'>Vaseoniae,</span> <span class='ocrx_word' id='word_1_8' title='bbox 1095 649 1146 692; x_wconf 88' lang='lat' dir='ltr'>re·</span> <span class='ocrx_word' id='word_1_9' title='bbox 1157 644 1273 735; x_wconf 47' lang='lat' dir='ltr'>gamm</span> 
     </span>
     <span class='ocr_line' id='line_1_3' title="bbox 190 726 1286 796; baseline 0.005 -9"><span class='ocrx_word' id='word_1_10' title='bbox 190 744 311 790; x_wconf 86' lang='lat' dir='ltr'>versus</span> <span class='ocrx_word' id='word_1_11' title='bbox 331 727 366 789; x_wconf 91' lang='lat' dir='ltr'>in</span> <span class='ocrx_word' id='word_1_12' title='bbox 395 726 644 791; x_wconf 89' lang='lat' dir='ltr'>Normeuniam</span> <span class='ocrx_word' id='word_1_13' title='bbox 670 728 751 793; x_wconf 89' lang='lat' dir='ltr'>feeit</span> <span class='ocrx_word' id='word_1_14' title='bbox 781 736 932 793; x_wconf 81' lang='lat' dir='ltr'><strong>castrum</strong></span> <span class='ocrx_word' id='word_1_15' title='bbox 958 729 1286 796; x_wconf 75' lang='lat' dir='ltr'>munitissi-uormano.</span> 
     </span>
     <span class='ocr_line' id='line_1_4' title="bbox 190 826 1144 910; baseline 0.005 -24"><span class='ocrx_word' id='word_1_16' title='bbox 190 842 282 887; x_wconf 93' lang='lat' dir='ltr'>mum</span> <span class='ocrx_word' id='word_1_17' title='bbox 305 826 452 910; x_wconf 86' lang='lat' dir='ltr'>burgum</span> <span class='ocrx_word' id='word_1_18' title='bbox 481 827 611 908; x_wconf 84' lang='lat' dir='ltr'>grande</span> <span class='ocrx_word' id='word_1_19' title='bbox 631 826 739 910; x_wconf 84' lang='lat' dir='ltr'>juxta</span> <span class='ocrx_word' id='word_1_20' title='bbox 764 827 879 892; x_wconf 89' lang='lat' dir='ltr'>haiam</span> <span class='ocrx_word' id='word_1_21' title='bbox 907 828 949 890; x_wconf 91' lang='lat' dir='ltr'>de</span> <span class='ocrx_word' id='word_1_22' title='bbox 980 826 1144 905; x_wconf 76' lang='lat' dir='ltr'>Malaios,</span> 
     </span>
     <span class='ocr_line' id='line_1_5' title="bbox 189 923 1146 1010; baseline 0.006 -26"><span class='ocrx_word' id='word_1_23' title='bbox 189 923 282 1003; x_wconf 91' lang='lat' dir='ltr'>quod</span> <span class='ocrx_word' id='word_1_24' title='bbox 299 925 459 989; x_wconf 89' lang='lat' dir='ltr'>Beauver</span> <span class='ocrx_word' id='word_1_25' title='bbox 475 934 634 1004; x_wconf 65' lang='lat' dir='ltr'>vocatum</span> <span class='ocrx_word' id='word_1_26' title='bbox 664 926 744 991; x_wconf 81' lang='lat' dir='ltr'>fecit</span> <span class='ocrx_word' id='word_1_27' title='bbox 757 935 793 990; x_wconf 89' lang='lat' dir='ltr'>et</span> <span class='ocrx_word' id='word_1_28' title='bbox 815 925 1009 991; x_wconf 87' lang='lat' dir='ltr'>molendina</span> <span class='ocrx_word' id='word_1_29' title='bbox 1026 935 1062 992; x_wconf 93' lang='lat' dir='ltr'>et</span> <span class='ocrx_word' id='word_1_30' title='bbox 1076 928 1146 1010; x_wconf 88' lang='lat' dir='ltr'>pis-</span> 
     </span>
     <span class='ocr_line' id='line_1_6' title="bbox 189 1022 1142 1106; baseline 0.007 -24"><span class='ocrx_word' id='word_1_31' title='bbox 189 1022 301 1085; x_wconf 81' lang='lat' dir='ltr'>carias</span> <span class='ocrx_word' id='word_1_32' title='bbox 332 1023 533 1106; x_wconf 84' lang='lat' dir='ltr'>Audegavis</span> <span class='ocrx_word' id='word_1_33' title='bbox 567 1027 601 1088; x_wconf 92' lang='lat' dir='ltr'>in</span> <span class='ocrx_word' id='word_1_34' title='bbox 634 1025 774 1088; x_wconf 86' lang='lat' dir='ltr'>flumine</span> <span class='ocrx_word' id='word_1_35' title='bbox 801 1025 999 1090; x_wconf 83' lang='lat' dir='ltr'>Meduanae.</span> <span class='ocrx_word' id='word_1_36' title='bbox 1057 1024 1142 1090; x_wconf 89' lang='lat' dir='ltr'>Cum</span> 
     </span>
     <span class='ocr_line' id='line_1_7' title="bbox 188 1118 1144 1207; baseline 0.005 -24"><span class='ocrx_word' id='word_1_37' title='bbox 188 1120 384 1186; x_wconf 88' lang='lat' dir='ltr'>Willelmus</span> <span class='ocrx_word' id='word_1_38' title='bbox 403 1123 531 1189; x_wconf 89' lang='lat' dir='ltr'>Goieth</span> <span class='ocrx_word' id='word_1_39' title='bbox 554 1118 700 1188; x_wconf 89' lang='lat' dir='ltr'>¹obisset</span> <span class='ocrx_word' id='word_1_40' title='bbox 721 1126 756 1188; x_wconf 93' lang='lat' dir='ltr'>in</span> <span class='ocrx_word' id='word_1_41' title='bbox 783 1125 904 1189; x_wconf 86' lang='lat' dir='ltr'>itinere</span> <span class='ocrx_word' id='word_1_42' title='bbox 927 1125 1144 1207; x_wconf 87' lang='lat' dir='ltr'>Iorosolymi·</span> 
     </span>
     <span class='ocr_line' id='line_1_8' title="bbox 188 1218 1144 1306; baseline 0.007 -25"><span class='ocrx_word' id='word_1_43' title='bbox 188 1226 283 1297; x_wconf 89' lang='lat' dir='ltr'>tano,</span> <span class='ocrx_word' id='word_1_44' title='bbox 305 1229 341 1286; x_wconf 92' lang='lat' dir='ltr'>et</span> <span class='ocrx_word' id='word_1_45' title='bbox 360 1242 475 1287; x_wconf 89' lang='lat' dir='ltr'>comes</span> <span class='ocrx_word' id='word_1_46' title='bbox 493 1222 702 1287; x_wconf 83' lang='lat' dir='ltr'>Porticensis</span> <span class='ocrx_word' id='word_1_47' title='bbox 720 1224 823 1287; x_wconf 88' lang='lat' dir='ltr'>vellet</span> <span class='ocrx_word' id='word_1_48' title='bbox 839 1243 1009 1306; x_wconf 84' lang='lat' dir='ltr'>occupare</span> <span class='ocrx_word' id='word_1_49' title='bbox 1025 1218 1144 1288; x_wconf 83' lang='lat' dir='ltr'>²Mon·</span> 
     </span>
     <span class='ocr_line' id='line_1_9' title="bbox 188 1321 1139 1405; baseline 0.005 -24"><span class='ocrx_word' id='word_1_50' title='bbox 188 1321 461 1386; x_wconf 86' lang='lat' dir='ltr'>tem-mirabilem</span> <span class='ocrx_word' id='word_1_51' title='bbox 489 1330 525 1387; x_wconf 93' lang='lat' dir='ltr'>et</span> <span class='ocrx_word' id='word_1_52' title='bbox 551 1322 638 1386; x_wconf 89' lang='lat' dir='ltr'>alias</span> <span class='ocrx_word' id='word_1_53' title='bbox 669 1322 848 1387; x_wconf 86' lang='lat' dir='ltr'>firmitates</span> <span class='ocrx_word' id='word_1_54' title='bbox 874 1323 1028 1405; x_wconf 90' lang='lat' dir='ltr'>ejusdem</span> <span class='ocrx_word' id='word_1_55' title='bbox 1051 1324 1139 1387; x_wconf 91' lang='lat' dir='ltr'>Wil-</span> 
     </span>
     <span class='ocr_line' id='line_1_10' title="bbox 186 1417 1143 1504; baseline 0.005 -24"><span class='ocrx_word' id='word_1_56' title='bbox 186 1417 291 1496; x_wconf 91' lang='lat' dir='ltr'>lelmi,</span> <span class='ocrx_word' id='word_1_57' title='bbox 310 1427 344 1485; x_wconf 91' lang='lat' dir='ltr'>et</span> <span class='ocrx_word' id='word_1_58' title='bbox 360 1422 535 1486; x_wconf 82' lang='lat' dir='ltr'>Henricus</span> <span class='ocrx_word' id='word_1_59' title='bbox 558 1421 601 1485; x_wconf 92' lang='lat' dir='ltr'>de</span> <span class='ocrx_word' id='word_1_60' title='bbox 625 1421 724 1498; x_wconf 87' lang='lat' dir='ltr'>Iveu,</span> <span class='ocrx_word' id='word_1_61' title='bbox 741 1423 801 1504; x_wconf 90' lang='lat' dir='ltr'>qui</span> <span class='ocrx_word' id='word_1_62' title='bbox 823 1421 866 1486; x_wconf 93' lang='lat' dir='ltr'>de</span> <span class='ocrx_word' id='word_1_63' title='bbox 888 1423 1014 1485; x_wconf 88' lang='lat' dir='ltr'>eisdem</span> <span class='ocrx_word' id='word_1_64' title='bbox 1038 1421 1143 1485; x_wconf 82' lang='lat' dir='ltr'>firmi·</span> 
     </span>
     <span class='ocr_line' id='line_1_11' title="bbox 187 1519 1144 1605; baseline 0.005 -25"><span class='ocrx_word' id='word_1_65' title='bbox 187 1519 317 1582; x_wconf 89' lang='lat' dir='ltr'>tatibus</span> <span class='ocrx_word' id='word_1_66' title='bbox 339 1522 480 1586; x_wconf 82' lang='lat' dir='ltr'><strong>saisitus</strong></span> <span class='ocrx_word' id='word_1_67' title='bbox 501 1520 626 1598; x_wconf 80' lang='lat' dir='ltr'>fuerat,</span> <span class='ocrx_word' id='word_1_68' title='bbox 649 1522 732 1603; x_wconf 90' lang='lat' dir='ltr'>quia</span> <span class='ocrx_word' id='word_1_69' title='bbox 753 1521 858 1584; x_wconf 89' lang='lat' dir='ltr'>filiam</span> <span class='ocrx_word' id='word_1_70' title='bbox 880 1520 1034 1605; x_wconf 88' lang='lat' dir='ltr'>ejusdem</span> <span class='ocrx_word' id='word_1_71' title='bbox 1055 1521 1144 1585; x_wconf 83' lang='lat' dir='ltr'>dux·</span> 
     </span>
     <span class='ocr_line' id='line_1_12' title="bbox 186 1620 1141 1703; baseline 0.006 -24"><span class='ocrx_word' id='word_1_72' title='bbox 186 1625 273 1694; x_wconf 85' lang='lat' dir='ltr'>erat,</span> <span class='ocrx_word' id='word_1_73' title='bbox 290 1638 359 1682; x_wconf 93' lang='lat' dir='ltr'>non</span> <span class='ocrx_word' id='word_1_74' title='bbox 377 1627 494 1703; x_wconf 88' lang='lat' dir='ltr'>posset</span> <span class='ocrx_word' id='word_1_75' title='bbox 515 1621 675 1685; x_wconf 82' lang='lat' dir='ltr'>resistere</span> <span class='ocrx_word' id='word_1_76' title='bbox 698 1621 815 1686; x_wconf 91' lang='lat' dir='ltr'>comiti</span> <span class='ocrx_word' id='word_1_77' title='bbox 831 1620 1045 1696; x_wconf 86' lang='lat' dir='ltr'>Theobaldo,</span> <span class='ocrx_word' id='word_1_78' title='bbox 1061 1639 1141 1702; x_wconf 84' lang='lat' dir='ltr'>rege</span> 
     </span>
     <span class='ocr_line' id='line_1_13' title="bbox 188 1715 1141 1805; baseline 0.005 -27"><span class='ocrx_word' id='word_1_79' title='bbox 188 1715 400 1782; x_wconf 81' lang='lat' dir='ltr'><strong>Francorum</strong></span> <span class='ocrx_word' id='word_1_80' title='bbox 424 1719 612 1805; x_wconf 87' lang='lat' dir='ltr'>adjuvante</span> <span class='ocrx_word' id='word_1_81' title='bbox 633 1728 752 1802; x_wconf 87' lang='lat' dir='ltr'>partes</span> <span class='ocrx_word' id='word_1_82' title='bbox 772 1719 860 1804; x_wconf 89' lang='lat' dir='ltr'>ejus,</span> <span class='ocrx_word' id='word_1_83' title='bbox 881 1720 995 1784; x_wconf 88' lang='lat' dir='ltr'>dictus</span> <span class='ocrx_word' id='word_1_84' title='bbox 1013 1721 1141 1787; x_wconf 87' lang='lat' dir='ltr'>Henri-</span> 
     </span>
     <span class='ocr_line' id='line_1_14' title="bbox 186 1819 1141 1902; baseline 0.006 -24"><span class='ocrx_word' id='word_1_85' title='bbox 186 1834 247 1879; x_wconf 91' lang='lat' dir='ltr'>cus</span> <span class='ocrx_word' id='word_1_86' title='bbox 268 1820 333 1882; x_wconf 89' lang='lat' dir='ltr'>sub</span> <span class='ocrx_word' id='word_1_87' title='bbox 355 1821 457 1884; x_wconf 85' lang='lat' dir='ltr'>certis</span> <span class='ocrx_word' id='word_1_88' title='bbox 474 1819 691 1902; x_wconf 89' lang='lat' dir='ltr'>pactionibus</span> <span class='ocrx_word' id='word_1_89' title='bbox 713 1820 851 1883; x_wconf 87' lang='lat' dir='ltr'>easdem</span> <span class='ocrx_word' id='word_1_90' title='bbox 870 1820 1050 1884; x_wconf 87' lang='lat' dir='ltr'>firmitates</span> <span class='ocrx_word' id='word_1_91' title='bbox 1072 1827 1141 1884; x_wconf 84' lang='lat' dir='ltr'>tra-</span> 
     </span>
     <span class='ocr_line' id='line_1_15' title="bbox 186 1914 1141 2001; baseline 0.006 -25"><span class='ocrx_word' id='word_1_92' title='bbox 186 1914 273 1979; x_wconf 86' lang='lat' dir='ltr'>didit</span> <span class='ocrx_word' id='word_1_93' title='bbox 299 1917 373 1998; x_wconf 84' lang='lat' dir='ltr'>regi</span> <span class='ocrx_word' id='word_1_94' title='bbox 398 1915 613 1999; x_wconf 82' lang='lat' dir='ltr'>Anglorum3</span> <span class='ocrx_word' id='word_1_95' title='bbox 646 1927 788 2001; x_wconf 85' lang='lat' dir='ltr'>propter</span> <span class='ocrx_word' id='word_1_96' title='bbox 815 1919 906 2000; x_wconf 92' lang='lat' dir='ltr'>quod</span> <span class='ocrx_word' id='word_1_97' title='bbox 934 1919 1141 1983; x_wconf 85' lang='lat' dir='ltr'>resuscitata</span> 
     </span>
     <span class='ocr_line' id='line_1_16' title="bbox 185 2013 1140 2099; baseline 0.007 -24"><span class='ocrx_word' id='word_1_98' title='bbox 185 2021 240 2076; x_wconf 89' lang='lat' dir='ltr'>est</span> <span class='ocrx_word' id='word_1_99' title='bbox 256 2013 427 2079; x_wconf 83' lang='lat' dir='ltr'>discordia</span> <span class='ocrx_word' id='word_1_100' title='bbox 441 2017 531 2081; x_wconf 85' lang='lat' dir='ltr'>inter</span> <span class='ocrx_word' id='word_1_101' title='bbox 546 2037 645 2099; x_wconf 82' lang='lat' dir='ltr'>reges</span> <span class='ocrx_word' id='word_1_102' title='bbox 662 2025 698 2081; x_wconf 89' lang='lat' dir='ltr'>et</span> <span class='ocrx_word' id='word_1_103' title='bbox 712 2017 871 2080; x_wconf 90' lang='lat' dir='ltr'>comitem</span> <span class='ocrx_word' id='word_1_104' title='bbox 889 2017 1140 2082; x_wconf 87' lang='lat' dir='ltr'>Theobaldum.</span> 
     </span>
     <span class='ocr_line' id='line_1_17' title="bbox 188 2109 1142 2198; baseline 0.008 -26"><span class='ocrx_word' id='word_1_105' title='bbox 188 2109 348 2174; x_wconf 83' lang='lat' dir='ltr'>Hilarius</span> <span class='ocrx_word' id='word_1_106' title='bbox 381 2112 607 2178; x_wconf 88' lang='lat' dir='ltr'>Cicestreusis</span> <span class='ocrx_word' id='word_1_107' title='bbox 635 2122 671 2178; x_wconf 88' lang='lat' dir='ltr'>et</span> <span class='ocrx_word' id='word_1_108' title='bbox 698 2113 859 2196; x_wconf 82' lang='lat' dir='ltr'>Nigellns</span> <span class='ocrx_word' id='word_1_109' title='bbox 891 2116 1040 2180; x_wconf 87' lang='lat' dir='ltr'>Eliensis</span> <span class='ocrx_word' id='word_1_110' title='bbox 1070 2118 1142 2198; x_wconf 88' lang='lat' dir='ltr'>epi·</span> 
     </span>
     <span class='ocr_line' id='line_1_18' title="bbox 186 2210 468 2290; baseline 0.011 -20"><span class='ocrx_word' id='word_1_111' title='bbox 186 2210 284 2290; x_wconf 90' lang='lat' dir='ltr'>scopi</span> <span class='ocrx_word' id='word_1_112' title='bbox 300 2211 468 2275; x_wconf 84' lang='lat' dir='ltr'>obierunt.</span> 
     </span>
    </p>
   </div>
   <div class='ocr_carea' id='block_1_3' title="bbox 205 2464 1108 2503">
    <p class='ocr_par' dir='ltr' id='par_1_3' title="bbox 205 2464 1108 2503">
     <span class='ocr_line' id='line_1_19' title="bbox 205 2464 1108 2503; baseline 0.001 -2"><span class='ocrx_word' id='word_1_113' title='bbox 205 2467 230 2501; x_wconf 81' lang='grc' dir='ltr'>ῐ).</span> <span class='ocrx_word' id='word_1_114' title='bbox 244 2467 269 2501; x_wconf 80' lang='lat' dir='ltr'>N.</span> <span class='ocrx_word' id='word_1_115' title='bbox 281 2465 300 2500; x_wconf 85' lang='lat' dir='ltr'>J.</span> <span class='ocrx_word' id='word_1_116' title='bbox 312 2465 333 2500; x_wconf 80' lang='lat' dir='ltr'>(l.</span> <span class='ocrx_word' id='word_1_117' title='bbox 416 2465 438 2500; x_wconf 84' lang='lat' dir='ltr'>P.</span> <span class='ocrx_word' id='word_1_118' title='bbox 452 2465 614 2500; x_wconf 72' lang='lat' dir='ltr'>nomimavit</span> <span class='ocrx_word' id='word_1_119' title='bbox 627 2465 652 2500; x_wconf 76' lang='lat' dir='ltr'>u.</span> <span class='ocrx_word' id='word_1_120' title='bbox 757 2464 909 2501; x_wconf 71' lang='lat' dir='ltr'>FRANGORUM</span> <span class='ocrx_word' id='word_1_121' title='bbox 969 2466 1108 2503; x_wconf 67' lang='lat' dir='ltr'>santonum</span> 
     </span>
    </p>
   </div>
   <div class='ocr_carea' id='block_1_4' title="bbox 192 2519 335 2531">
    <p class='ocr_par' dir='ltr' id='par_1_4' title="bbox 192 2519 335 2531">
     <span class='ocr_line' id='line_1_20' title="bbox 192 2519 335 2531; baseline -0.014 0"><span class='ocrx_word' id='word_1_122' title='bbox 192 2519 335 2531; x_wconf 82' lang='grc'>.--</span> 
     </span>
    </p>
   </div>
   <div class='ocr_carea' id='block_1_5' title="bbox 218 2551 1109 2659">
    <p class='ocr_par' dir='ltr' id='par_1_5' title="bbox 218 2551 1109 2659">
     <span class='ocr_line' id='line_1_21' title="bbox 218 2551 1109 2592; baseline 0.002 -5"><span class='ocrx_word' id='word_1_123' title='bbox 218 2552 314 2588; x_wconf 71' lang='lat' dir='ltr'>mccxx.</span> <span class='ocrx_word' id='word_1_124' title='bbox 351 2551 497 2588; x_wconf 69' lang='lat' dir='ltr'>ansuinum</span> <span class='ocrx_word' id='word_1_125' title='bbox 510 2551 548 2586; x_wconf 80' lang='grc' dir='ltr'>ιιι.</span> <span class='ocrx_word' id='word_1_126' title='bbox 565 2551 698 2588; x_wconf 75' lang='lat' dir='ltr'>sannanim</span> <span class='ocrx_word' id='word_1_127' title='bbox 710 2553 727 2592; x_wconf 88' lang='lat'>1.</span> <span class='ocrx_word' id='word_1_128' title='bbox 750 2552 864 2589; x_wconf 75' lang='lat' dir='ltr'>nonovici</span> <span class='ocrx_word' id='word_1_129' title='bbox 877 2554 925 2591; x_wconf 85' lang='lat' dir='ltr'>vn.</span> <span class='ocrx_word' id='word_1_130' title='bbox 968 2553 1069 2588; x_wconf 73' lang='lat' dir='ltr'>usnimi</span> <span class='ocrx_word' id='word_1_131' title='bbox 1081 2553 1109 2589; x_wconf 90' lang='lat' dir='ltr'>u.</span> 
     </span>
     <span class='ocr_line' id='line_1_22' title="bbox 431 2611 1058 2659; baseline -0.002 -2"><span class='ocrx_word' id='word_1_132' title='bbox 431 2611 471 2657; x_wconf 91' lang='lat'>11.</span> <span class='ocrx_word' id='word_1_133' title='bbox 600 2611 640 2657; x_wconf 80' lang='lat'>1⁵.</span> <span class='ocrx_word' id='word_1_134' title='bbox 652 2613 693 2659; x_wconf 84' lang='lat'>18.</span> <span class='ocrx_word' id='word_1_135' title='bbox 818 2613 858 2658; x_wconf 76' lang='grc'>33.</span> <span class='ocrx_word' id='word_1_136' title='bbox 1019 2613 1058 2658; x_wconf 87' lang='grc'>16.</span> 
     </span>
    </p>
   </div>
   <div class='ocr_carea' id='block_1_6' title="bbox 186 2746 1277 3921">
    <p class='ocr_par' dir='ltr' id='par_1_6' title="bbox 186 2746 1277 3921">
     <span class='ocr_line' id='line_1_23' title="bbox 237 2746 1139 2829; baseline 0.001 -18"><span class='ocrx_word' id='word_1_137' title='bbox 237 2746 353 2811; x_wconf 68' lang='lat' dir='ltr'>Manu</span> <span class='ocrx_word' id='word_1_138' title='bbox 370 2748 462 2811; x_wconf 87' lang='lat' dir='ltr'>circa</span> <span class='ocrx_word' id='word_1_139' title='bbox 479 2746 721 2829; x_wconf 84' lang='lat' dir='ltr'>aequinoctium</span> <span class='ocrx_word' id='word_1_140' title='bbox 740 2746 890 2824; x_wconf 87' lang='lat' dir='ltr'>vernale,</span> <span class='ocrx_word' id='word_1_141' title='bbox 912 2747 1039 2811; x_wconf 86' lang='lat' dir='ltr'>limites</span> <span class='ocrx_word' id='word_1_142' title='bbox 1057 2767 1139 2812; x_wconf 90' lang='lat' dir='ltr'>suos</span> 
     </span>
     <span class='ocr_line' id='line_1_24' title="bbox 186 2848 1136 2930; baseline 0.002 -19"><span class='ocrx_word' id='word_1_143' title='bbox 186 2849 366 2925; x_wconf 84' lang='lat' dir='ltr'>excedens,</span> <span class='ocrx_word' id='word_1_144' title='bbox 401 2866 529 2911; x_wconf 87' lang='lat' dir='ltr'>messes</span> <span class='ocrx_word' id='word_1_145' title='bbox 557 2866 635 2930; x_wconf 82' lang='lat' dir='ltr'>quac</span> <span class='ocrx_word' id='word_1_146' title='bbox 670 2867 777 2930; x_wconf 85' lang='lat' dir='ltr'>prope</span> <span class='ocrx_word' id='word_1_147' title='bbox 809 2853 908 2910; x_wconf 89' lang='lat' dir='ltr'>erant</span> <span class='ocrx_word' id='word_1_148' title='bbox 938 2848 1136 2913; x_wconf 86' lang='lat' dir='ltr'>absorbuit:</span> 
     </span>
     <span class='ocr_line' id='line_1_25' title="bbox 186 2945 1177 3036; baseline 0.001 -27"><span class='ocrx_word' id='word_1_149' title='bbox 186 2947 427 3029; x_wconf 88' lang='lat' dir='ltr'>alluvioneque</span> <span class='ocrx_word' id='word_1_150' title='bbox 461 2946 536 3029; x_wconf 91' lang='lat' dir='ltr'>ejus</span> <span class='ocrx_word' id='word_1_151' title='bbox 570 2964 651 3010; x_wconf 92' lang='lat' dir='ltr'>ossa</span> <span class='ocrx_word' id='word_1_152' title='bbox 693 2945 873 3030; x_wconf 86' lang='lat' dir='ltr'>cujusdam</span> <span class='ocrx_word' id='word_1_153' title='bbox 912 2947 1066 3026; x_wconf 81' lang='lat' dir='ltr'>gigantis</span> <span class='ocrx_word' id='word_1_154' title='bbox 1102 2948 1138 3010; x_wconf 91' lang='lat' dir='ltr'>in</span> <span class='ocrx_word' id='word_1_155' title='bbox 1174 3029 1177 3036; x_wconf 92' lang='lat'><strong>.</strong></span> 
     </span>
     <span class='ocr_line' id='line_1_26' title="bbox 188 3044 1137 3129; baseline 0 -20"><span class='ocrx_word' id='word_1_156' title='bbox 188 3045 316 3126; x_wconf 81' lang='lat' dir='ltr'>Anglia</span> <span class='ocrx_word' id='word_1_157' title='bbox 337 3047 473 3109; x_wconf 85' lang='lat' dir='ltr'>detecta</span> <span class='ocrx_word' id='word_1_158' title='bbox 502 3052 594 3120; x_wconf 88' lang='lat' dir='ltr'>sunt,</span> <span class='ocrx_word' id='word_1_159' title='bbox 619 3044 732 3128; x_wconf 91' lang='lat' dir='ltr'>cujus,</span> <span class='ocrx_word' id='word_1_160' title='bbox 756 3053 795 3108; x_wconf 91' lang='lat' dir='ltr'>ut</span> <span class='ocrx_word' id='word_1_161' title='bbox 817 3045 943 3121; x_wconf 86' lang='lat' dir='ltr'>serunt,</span> <span class='ocrx_word' id='word_1_162' title='bbox 967 3047 1137 3129; x_wconf 89' lang='lat' dir='ltr'>quinqua-</span> 
     </span>
     <span class='ocr_line' id='line_1_27' title="bbox 186 3142 1277 3227; baseline -0.005 -20"><span class='ocrx_word' id='word_1_163' title='bbox 186 3145 285 3227; x_wconf 80' lang='lat' dir='ltr'>ginta</span> <span class='ocrx_word' id='word_1_164' title='bbox 301 3144 427 3227; x_wconf 86' lang='lat' dir='ltr'>pedum</span> <span class='ocrx_word' id='word_1_165' title='bbox 443 3152 519 3207; x_wconf 83' lang='lat' dir='ltr'>erat</span> <span class='ocrx_word' id='word_1_166' title='bbox 536 3144 690 3226; x_wconf 83' lang='lat' dir='ltr'>corporis</span> <span class='ocrx_word' id='word_1_167' title='bbox 706 3144 898 3224; x_wconf 85' lang='lat' dir='ltr'>longitudo.</span> <span class='ocrx_word' id='word_1_168' title='bbox 940 3142 1020 3208; x_wconf 86' lang='lat' dir='ltr'>Rex</span> <span class='ocrx_word' id='word_1_169' title='bbox 1038 3146 1135 3209; x_wconf 90' lang='lat' dir='ltr'>Hen-</span> <span class='ocrx_word' id='word_1_170' title='bbox 1148 3164 1277 3203; x_wconf 65' lang='lat' dir='ltr'>annom</span> 
     </span>
     <span class='ocr_line' id='line_1_28' title="bbox 186 3217 1253 3324; baseline -0.006 -18"><span class='ocrx_word' id='word_1_171' title='bbox 186 3245 292 3318; x_wconf 67' lang='lat' dir='ltr'>ricus</span> <span class='ocrx_word' id='word_1_172' title='bbox 318 3243 353 3305; x_wconf 91' lang='lat' dir='ltr'>in</span> <span class='ocrx_word' id='word_1_173' title='bbox 378 3241 540 3322; x_wconf 89' lang='lat' dir='ltr'>Angliam</span> <span class='ocrx_word' id='word_1_174' title='bbox 566 3242 805 3317; x_wconf 85' lang='lat' dir='ltr'>transfretans,</span> <span class='ocrx_word' id='word_1_175' title='bbox 827 3243 982 3322; x_wconf 87' lang='lat' dir='ltr'>graviter</span> <span class='ocrx_word' id='word_1_176' title='bbox 1004 3245 1137 3324; x_wconf 91' lang='lat' dir='ltr'>punivit</span> <span class='ocrx_word' id='word_1_177' title='bbox 1148 3217 1253 3312; x_wconf 61' lang='lat' dir='ltr'>‘illlis</span> 
     </span>
     <span class='ocr_line' id='line_1_29' title="bbox 187 3340 1137 3423; baseline -0.002 -17"><span class='ocrx_word' id='word_1_178' title='bbox 187 3341 419 3417; x_wconf 85' lang='lat' dir='ltr'>vicecomites,</span> <span class='ocrx_word' id='word_1_179' title='bbox 434 3340 493 3423; x_wconf 88' lang='lat' dir='ltr'>qui</span> <span class='ocrx_word' id='word_1_180' title='bbox 511 3340 676 3422; x_wconf 88' lang='lat' dir='ltr'>populum</span> <span class='ocrx_word' id='word_1_181' title='bbox 691 3340 887 3404; x_wconf 86' lang='lat' dir='ltr'>afflixerant</span> <span class='ocrx_word' id='word_1_182' title='bbox 899 3342 1137 3405; x_wconf 82' lang='lat' dir='ltr'>exactionibus</span> 
     </span>
     <span class='ocr_line' id='line_1_30' title="bbox 187 3438 1273 3524; baseline -0.006 -19"><span class='ocrx_word' id='word_1_183' title='bbox 187 3449 223 3505; x_wconf 89' lang='lat' dir='ltr'>et</span> <span class='ocrx_word' id='word_1_184' title='bbox 239 3441 380 3524; x_wconf 85' lang='lat' dir='ltr'>rapinis.</span> <span class='ocrx_word' id='word_1_185' title='bbox 418 3438 506 3502; x_wconf 87' lang='lat' dir='ltr'>Post</span> <span class='ocrx_word' id='word_1_186' title='bbox 518 3438 757 3503; x_wconf 86' lang='lat' dir='ltr'>Pentecostem</span> <span class='ocrx_word' id='word_1_187' title='bbox 775 3459 838 3502; x_wconf 86' lang='lat' dir='ltr'>rex</span> <span class='ocrx_word' id='word_1_188' title='bbox 851 3438 1001 3520; x_wconf 83' lang='lat' dir='ltr'>Angliae,</span> <span class='ocrx_word' id='word_1_189' title='bbox 1013 3448 1137 3504; x_wconf 87' lang='lat' dir='ltr'>vocato</span> <span class='ocrx_word' id='word_1_190' title='bbox 1149 3460 1273 3499; x_wconf 61' lang='lat' dir='ltr'>coronans</span> 
     </span>
     <span class='ocr_line' id='line_1_31' title="bbox 188 3509 1258 3623; baseline -0.007 -19"><span class='ocrx_word' id='word_1_191' title='bbox 188 3541 259 3604; x_wconf 85' lang='lat' dir='ltr'>filio</span> <span class='ocrx_word' id='word_1_192' title='bbox 273 3560 336 3604; x_wconf 91' lang='lat' dir='ltr'>suo</span> <span class='ocrx_word' id='word_1_193' title='bbox 350 3538 505 3602; x_wconf 84' lang='lat' dir='ltr'>Henrico</span> <span class='ocrx_word' id='word_1_194' title='bbox 522 3539 558 3600; x_wconf 91' lang='lat' dir='ltr'>in</span> <span class='ocrx_word' id='word_1_195' title='bbox 570 3536 748 3620; x_wconf 85' lang='lat' dir='ltr'>Angliam,</span> <span class='ocrx_word' id='word_1_196' title='bbox 765 3538 848 3602; x_wconf 88' lang='lat' dir='ltr'>fecit</span> <span class='ocrx_word' id='word_1_197' title='bbox 865 3557 955 3614; x_wconf 83' lang='lat' dir='ltr'>eum,</span> <span class='ocrx_word' id='word_1_198' title='bbox 973 3558 1050 3602; x_wconf 91' lang='lat' dir='ltr'>cum</span> <span class='ocrx_word' id='word_1_199' title='bbox 1062 3539 1136 3623; x_wconf 91' lang='lat' dir='ltr'>jam</span> <span class='ocrx_word' id='word_1_200' title='bbox 1148 3509 1258 3608; x_wconf 50' lang='lat' dir='ltr'>mm</span> 
     </span>
     <span class='ocr_line' id='line_1_32' title="bbox 186 3637 1139 3722; baseline 0.001 -20"><span class='ocrx_word' id='word_1_201' title='bbox 186 3638 380 3722; x_wconf 87' lang='lat' dir='ltr'>quindecim</span> <span class='ocrx_word' id='word_1_202' title='bbox 398 3657 507 3701; x_wconf 93' lang='lat' dir='ltr'>annos</span> <span class='ocrx_word' id='word_1_203' title='bbox 530 3637 746 3721; x_wconf 86' lang='lat' dir='ltr'>complesset,</span> <span class='ocrx_word' id='word_1_204' title='bbox 768 3658 830 3720; x_wconf 87' lang='lat' dir='ltr'>per</span> <span class='ocrx_word' id='word_1_205' title='bbox 851 3637 1028 3718; x_wconf 87' lang='lat' dir='ltr'>Rogerum</span> <span class='ocrx_word' id='word_1_206' title='bbox 1047 3639 1139 3703; x_wconf 88' lang='lat' dir='ltr'>Ebo-</span> 
     </span>
     <span class='ocr_line' id='line_1_33' title="bbox 187 3735 1139 3822; baseline -0.004 -19"><span class='ocrx_word' id='word_1_207' title='bbox 187 3759 362 3803; x_wconf 86' lang='lat' dir='ltr'>racenscm</span> <span class='ocrx_word' id='word_1_208' title='bbox 390 3736 685 3819; x_wconf 86' lang='lat' dir='ltr'>archiepiscopum</span> <span class='ocrx_word' id='word_1_209' title='bbox 714 3735 866 3822; x_wconf 90' lang='lat' dir='ltr'>(Thoma</span> <span class='ocrx_word' id='word_1_210' title='bbox 896 3736 1139 3801; x_wconf 82' lang='lat' dir='ltr'>Cantuariensi</span> 
     </span>
     <span class='ocr_line' id='line_1_34' title="bbox 188 3834 1139 3921; baseline -0.005 -17"><span class='ocrx_word' id='word_1_211' title='bbox 188 3839 300 3904; x_wconf 90' lang='lat' dir='ltr'>adhuc</span> <span class='ocrx_word' id='word_1_212' title='bbox 334 3839 370 3900; x_wconf 89' lang='lat' dir='ltr'>in</span> <span class='ocrx_word' id='word_1_213' title='bbox 401 3837 558 3920; x_wconf 87' lang='lat' dir='ltr'>partibus</span> <span class='ocrx_word' id='word_1_214' title='bbox 593 3834 784 3900; x_wconf 84' lang='lat' dir='ltr'>Gallicanis</span> <span class='ocrx_word' id='word_1_215' title='bbox 817 3834 1069 3921; x_wconf 87' lang='lat' dir='ltr'>commorante)</span> <span class='ocrx_word' id='word_1_216' title='bbox 1103 3839 1139 3900; x_wconf 91' lang='lat' dir='ltr'>in</span> 
     </span>
    </p>
   </div>
   <div class='ocr_carea' id='block_1_7' title="bbox 187 3932 1140 4025">
    <p class='ocr_par' dir='ltr' id='par_1_7' title="bbox 187 3932 1140 4025">
     <span class='ocr_line' id='line_1_35' title="bbox 187 3932 1140 4025; baseline -0.003 -24"><span class='ocrx_word' id='word_1_217' title='bbox 187 3932 322 4019; x_wconf 83' lang='lat' dir='ltr'>³regem</span> <span class='ocrx_word' id='word_1_218' title='bbox 339 3937 434 4018; x_wconf 88' lang='lat' dir='ltr'>ungi,</span> <span class='ocrx_word' id='word_1_219' title='bbox 465 3943 500 3999; x_wconf 88' lang='lat' dir='ltr'>et</span> <span class='ocrx_word' id='word_1_220' title='bbox 523 3935 721 4025; x_wconf 86' lang='lat' dir='ltr'>solemniter</span> <span class='ocrx_word' id='word_1_221' title='bbox 748 3936 916 3999; x_wconf 87' lang='lat' dir='ltr'>coronari.</span> <span class='ocrx_word' id='word_1_222' title='bbox 969 3935 1140 3999; x_wconf 78' lang='lat' dir='ltr'>Interius·</span> 
     </span>
    </p>
   </div>
   <div class='ocr_carea' id='block_1_8' title="bbox 221 4161 1142 4296">
    <p class='ocr_par' dir='ltr' id='par_1_8' title="bbox 221 4161 1142 4296">
     <span class='ocr_line' id='line_1_36' title="bbox 224 4161 1142 4224; baseline -0.009 -9"><span class='ocrx_word' id='word_1_223' title='bbox 224 4166 230 4195; x_wconf 93' lang='lat'><strong>¹</strong></span> <span class='ocrx_word' id='word_1_224' title='bbox 250 4162 385 4224; x_wconf 82' lang='lat' dir='ltr'>‘abissct;⁸</span> <span class='ocrx_word' id='word_1_225' title='bbox 397 4165 465 4214; x_wconf 74' lang='lat' dir='ltr'><em>D’A.</em></span> <span class='ocrx_word' id='word_1_226' title='bbox 711 4161 815 4212; x_wconf 57' lang='lat' dir='ltr'>”cist</span> <span class='ocrx_word' id='word_1_227' title='bbox 834 4163 916 4211; x_wconf 84' lang='lat' dir='ltr'>Heuri</span> <span class='ocrx_word' id='word_1_228' title='bbox 935 4161 1024 4209; x_wconf 85' lang='lat' dir='ltr'>Tierce</span> <span class='ocrx_word' id='word_1_229' title='bbox 1046 4166 1142 4207; x_wconf 76' lang='lat' dir='ltr'>morunt</span> 
     </span>
     <span class='ocr_line' id='line_1_37' title="bbox 221 4225 1141 4296; baseline -0.008 -12"><span class='ocrx_word' id='word_1_230' title='bbox 221 4235 232 4266; x_wconf 78' lang='lat'>²</span> <span class='ocrx_word' id='word_1_231' title='bbox 250 4236 427 4296; x_wconf 80' lang='lat' dir='ltr'>Most-mirail,</span> <span class='ocrx_word' id='word_1_232' title='bbox 438 4237 463 4283; x_wconf 89' lang='lat' dir='ltr'>in</span> <span class='ocrx_word' id='word_1_233' title='bbox 476 4235 513 4283; x_wconf 69' lang='lat' dir='ltr'>le</span> <span class='ocrx_word' id='word_1_234' title='bbox 525 4235 596 4283; x_wconf 86' lang='lat' dir='ltr'>Brie.</span> <span class='ocrx_word' id='word_1_235' title='bbox 677 4234 770 4281; x_wconf 80' lang='lat' dir='ltr'>devant</span> <span class='ocrx_word' id='word_1_236' title='bbox 781 4247 825 4281; x_wconf 86' lang='lat' dir='ltr'>son</span> <span class='ocrx_word' id='word_1_237' title='bbox 837 4227 921 4293; x_wconf 51' lang='lat' dir='ltr'>perci</span> <span class='ocrx_word' id='word_1_238' title='bbox 933 4229 984 4277; x_wconf 93' lang='lat' dir='ltr'>Old</span> <span class='ocrx_word' id='word_1_239' title='bbox 994 4225 1091 4276; x_wconf 84' lang='lat' dir='ltr'>Freneh</span> <span class='ocrx_word' id='word_1_240' title='bbox 1099 4228 1141 4277; x_wconf 87' lang='lat' dir='ltr'>Tr.</span> 
     </span>
    </p>
   </div>
   <div class='ocr_carea' id='block_1_9' title="bbox 971 4319 991 4363">
    <p class='ocr_par' dir='ltr' id='par_1_9' title="bbox 971 4319 991 4363">
     <span class='ocr_line' id='line_1_38' title="bbox 971 4319 991 4363; baseline 0 0"><span class='ocrx_word' id='word_1_241' title='bbox 971 4319 991 4363; x_wconf 74' lang='lat' dir='ltr'>ll</span> 
     </span>
    </p>
   </div>
   <div class='ocr_carea' id='block_1_10' title="bbox 0 0 1474 4950">
    <p class='ocr_par' dir='ltr' id='par_1_10' title="bbox 0 0 1474 4950">
     <span class='ocr_line' id='line_1_39' title="bbox 0 0 1474 4950; baseline 0 1"><span class='ocrx_word' id='word_1_242' title='bbox 0 0 1474 4950; x_wconf 95' lang='lat' dir='ltr'> </span> 
     </span>
    </p>
   </div>
  </div>
 </body>
</html>
