2940 4950
578 464 761 514 aurnuns.
1083 451 1148 515 15⁵

193 623 365 687 Ricardus
385 630 500 687 antem
519 642 594 700 rex,
616 624 736 686 ablata
753 641 956 704 recuperare
971 631 1147 705 satagens,

191 730 343 787 castrum
363 722 457 805 cepit
479 722 572 805 quod
596 716 725 786 ¹Locas
741 731 880 798 vocant,
903 722 1148 805 civitatemque

193 822 357 898 Turonis,
383 821 464 885 inde
494 821 674 905 expellens
705 823 902 899 canonicos,
931 822 1004 904 regi
1036 822 1146 886 Fran-

195 941 315 986 corum
331 920 507 998 faventes;
532 922 625 1004 cepit
647 928 682 985 et
703 921 951 1003 Taleburgum,
970 928 1148 1003 totamque

196 1028 322 1084 terram
362 1021 498 1084 comitis
536 1020 819 1103 Engolismensis.
891 1021 1025 1103 Regem
1064 1040 1147 1086 vero

196 1119 407 1184 Francorum
425 1118 637 1202 Philippum,
654 1113 868 1184 'Vindocino
891 1139 968 1184 cum
992 1121 1147 1184 exercitu

195 1220 543 1302 appropinquantem,
562 1219 731 1284 exterruit
748 1227 783 1284 et
799 1219 945 1301 fugavit.

242 1718 464 1795 Hunnnu'US,
478 1717 756 1801 archiepiscopus
768 1716 1040 1794 cantuariensis,
1053 1716 1144 1799 lega-
1158 1733 1233 1825 m

191 1818 297 1882 tionis
324 1836 398 1881 suae
421 1825 628 1900 potestatem
660 1818 859 1899 procuravit
884 1836 989 1900 super
1016 1817 1144 1880 clerum
1233 1811 1238 1823 '

192 1917 419 1981 Eboracensis
451 1918 638 1998 provinciae
666 1916 816 1981 dilatari.
869 1915 1041 1980 Ricardus
1069 1936 1144 1994 rex,

191 2017 285 2081 circa
315 2016 610 2097 recuperationem
633 2015 844 2098 perditorum
867 2015 1042 2093 insistens,
1068 2034 1144 2079 cas-

190 2123 284 2179 trum
318 2108 508 2177 ³Virsionis
539 2115 631 2196 cepit
662 2114 697 2177 in
730 2132 822 2196 pago
857 2113 1077 2192 Bituricensi,
1108 2124 1144 2179 et

191 2212 363 2297 usquead
381 2212 644 2276 solumevertit.
697 2210 879 2295 Philippus
896 2221 1013 2277 antem
1035 2213 1145 2277 Fran-

191 2332 311 2378 corum
345 2331 408 2375 rex
442 2309 738 2375 Albam-Marlam
772 2311 865 2392 cepit
894 2319 930 2375 et
959 2311 1143 2388 destruxit,

191 2419 414 2493 castrumque
437 2410 529 2493 quod
546 2404 788 2475 ⁴Novencuria
804 2409 1011 2492 appellatur.
1063 2411 1145 2475 Hoc

191 2531 284 2576 anno
306 2530 369 2574 rex
391 2510 563 2574 Ricardus
589 2510 688 2573 fratri
708 2528 771 2573 suo
793 2508 944 2574 restituit
959 2509 1145 2573 comitatus

192 2610 392 2675 Moritoniae
408 2611 444 2673 in
459 2609 675 2674 Normannia
690 2616 725 2673 et
738 2607 938 2673 Gloverniee
952 2609 986 2672 in
1001 2607 1144 2691 Anglia,

191 2730 270 2774 cum
288 2708 417 2774 honore
434 2708 477 2772 de
494 2702 618 2785 ⁶Heia,
636 2708 724 2772 dans
743 2709 774 2772 ei
790 2708 969 2772 annuatim
992 2728 1055 2790 pro
1074 2717 1144 2773 ter-

192 2810 240 2873 ris
272 2809 345 2873 suis
373 2808 518 2872 residuis
549 2815 628 2873 octo
658 2808 767 2871 millia
789 2807 954 2871 librarum
982 2806 1146 2891 Andega-

191 2909 308 2974 vensis
337 2914 497 2972 monetae.
549 2906 654 2972 Soror
681 2906 834 2990 Philippi
866 2907 957 2990 regis
994 2907 1145 2973 Franco-

191 3028 280 3085 rum,
312 3026 416 3091 quam
451 3000 692 3089 repudiaverat
725 3026 789 3071 rex
816 3006 1001 3084 Ricardus,
1027 3008 1144 3072 comiti

187 3101 346 3171 ⁶Pontivi
362 3106 600 3189 desponsatur.
638 3106 719 3170 Hoc
736 3125 828 3170 anno
844 3107 1033 3190 imperator
1047 3105 1143 3170 Hen-

190 3208 283 3271 ricus
316 3213 428 3270 totum
457 3224 602 3286 regnum
633 3203 772 3285 Apuliae
799 3205 1011 3289 subjugavit,
1037 3206 1143 3286 pluri-

189 3323 335 3388 mosque
352 3304 417 3367 sibi
433 3304 577 3368 rebelles
594 3302 739 3367 diversis
754 3304 868 3385 poenis
884 3303 1010 3366 affecit.
1048 3303 1143 3368 Tan-

189 3404 331 3470 credum
360 3423 454 3481 vero,
480 3403 589 3466 filium
620 3401 790 3466 Tancredi
815 3402 905 3484 regis
937 3400 1144 3481 Siculorum,

187 3524 266 3571 cum
284 3510 475 3568 matresua
492 3501 706 3584 Margareta,
725 3520 765 3564 ac
783 3521 899 3583 regem
921 3500 1143 3582 Epirotarum

188 3622 305 3668 secum
332 3602 434 3665 duxit
460 3600 496 3664 in
522 3599 764 3665 Alemanniam
792 3601 960 3683 captivos.
1015 3600 1143 3665 Divor·

182 3696 275 3767 'tium
292 3702 383 3765 inter
400 3699 600 3784 Philippum
623 3720 738 3783 regem
763 3699 974 3763 Francorum
997 3708 1033 3764 et
1049 3720 1142 3766 soro-

223 3946 231 3979 ¹
250 3948 318 3997 Now
331 3947 437 3996 Icches.
715 3947 725 3979 ⁴
745 3944 914 4008 ‘Norencie;‘
927 3950 966 3999 Μ.
974 3953 998 3997 et
1009 3951 1057 3999 Ar.

222 4015 233 4046 ’
250 4017 408 4066 ‘vindocino
417 4016 434 4078 ς’
447 4017 508 4066 Coc.
518 4018 582 4079 lieg.

221 4086 234 4119 ³
251 4087 337 4136 Hall'a
348 4087 508 4136 emendation
521 4103 527 4136 :
545 4087 653 4136 ‘Jusec
712 4084 723 4114 ⁸
740 4088 814 4149 ‘aya
821 4082 841 4151 ς’
852 4088 890 4136 Μ.
899 4091 924 4135 et
934 4087 982 4135 Ar.

185 4153 310 4218 ni13'M.:
326 4157 491 4216 ‘Vimionim’
509 4158 651 4219 (Ἀλεξα

185 4221 413 4286 ’.Ιιιιωίοιιὶι;’.4ν.
441 4262 443 4266 -
712 4220 894 4284 “Pontinii;¹
907 4224 945 4274 M.
958 4222 1037 4273 etAr.
