2940 4950
763 465 836 514 nio.
860 467 1007 515 'I'RIVR'I'I

819 969 971 1030 INCIPIT

553 1172 630 1244 DE
671 1174 834 1246 REGE
876 1175 1230 1250 STEPHANO.

433 1406 457 1442 D.
471 1406 496 1441 n.
507 1406 527 1442 J.
540 1406 564 1442 0.
659 1406 683 1441 P.
696 1406 858 1442 nonanonon
872 1407 898 1444 B.
994 1408 1147 1444 vuasconum
1196 1408 1338 1445 nnuman!

685 1581 690 1592 .
885 1582 892 1596 .
1048 1553 1089 1599 27.
1255 1554 1279 1598 1.

318 1745 362 1788 m
436 1698 469 1717 ’“
524 1700 784 1787 1ἰταιιῑειιι
814 1701 922 1785 juxta
952 1709 1105 1767 nostram
1139 1703 1371 1770 intentionem

252 1805 264 1833 ⁶
317 1823 323 1835 ·
472 1788 530 1889 ff?
570 1823 574 1833 ’
626 1800 837 1864 commodius
852 1820 971 1883 regum
990 1810 1101 1884 gesta,
1119 1803 1177 1885 qui
1195 1821 1217 1866 a
1234 1804 1372 1868 comiti·

429 1899 437 1936 1⁴
470 1889 484 1957 7
526 1896 529 1902 ’
624 1899 689 1962 bus
702 1898 1009 1980 andegavensibus
1022 1895 1226 1965 ¹secundnm
1238 1901 1371 1968 lincam

483 2050 510 2075 ,
544 1979 590 2053 -2'
625 1998 847 2061 masculinam
869 1992 1150 2077 'descenderunt
1176 2019 1370 2083 prosequa-

418 2124 504 2181 mur,
527 2096 776 2186 praelibandum
793 2097 941 2175 videtur,
956 2100 1129 2180 quomodo
1148 2099 1192 2163 ad
1212 2098 1289 2164 illos
1301 2099 1368 2184 jus

417 2204 515 2286 regni
530 2197 716 2283 Anglicani
740 2196 844 2259 fuerit
865 2196 1078 2262 devolutum.
1129 2196 1247 2263 Altius
1264 2217 1368 2281 repc-

417 2311 527 2367 tentes
541 2300 698 2373 dicimus,
716 2295 806 2379 quod
828 2315 905 2359 cum
925 2294 1101 2360 Henricns
1117 2297 1248 2378 primus
1267 2316 1367 2379 ergo,

415 2399 593 2475 Willelmi,
610 2397 669 2481 qui
684 2395 906 2478 Conquisitor
921 2402 1007 2472 erat,
1020 2395 1112 2458 iilius
1126 2393 1180 2481 (in
1194 2415 1263 2479 quo
1276 2395 1367 2462 Wil-

415 2499 537 2565 lelmus
562 2493 898 2561 ³Malmcsburiensis
922 2513 1018 2557 suam
1042 2495 1204 2558 terminat
1226 2493 1368 2561 histori-

417 2617 485 2674 am,
506 2615 610 2679 quam
633 2591 754 2655 diffuse
775 2599 978 2672 prosecutus
1001 2599 1054 2656 est
1068 2592 1111 2656 de
1130 2593 1269 2675 regibus
1287 2590 1365 2658 An·

417 2695 516 2776 glicis
549 2699 584 2756 et
616 2686 843 2772 Normannis)
872 2691 969 2772 prole
1002 2692 1194 2756 masculina
1223 2693 1366 2757 orbatus

418 2802 520 2867 esset,
538 2791 617 2855 filiis
634 2788 709 2872 ejus
724 2787 901 2852 Willelmo
918 2798 953 2854 et
969 2790 1121 2855 Ricardo
1138 2792 1174 2854 in
1191 2790 1367 2856 redeundo

417 2891 460 2955 de
477 2889 693 2955 Nonnannia
709 2906 829 2950 versus
846 2886 1008 2970 Angiiam
1024 2890 1060 2953 in
1083 2909 1222 2970 egressu
1241 2897 1366 2971 portus

417 2989 460 3053 de
478 2991 591 3071 Depa,
606 2987 721 3050 nautis
738 2985 926 3068 inexpertis
943 2981 1261 3071 ‘periculosissimo
1278 2982 1368 3053 ⁵ma·

417 3089 501 3152 rinis
523 3087 695 3170 absorptis
726 3084 900 3161 fluctibus,
926 3088 1062 3152 unicam
1094 3086 1212 3163 filiam,
1244 3086 1368 3151 Matil-

417 3187 494 3251 dem
513 3188 660 3261 nomine,
675 3184 773 3265 regni
788 3184 843 3246 sui
861 3184 999 3267 reliquit
1013 3185 1183 3251 heredem.
1236 3184 1368 3263 Quam,

416 3288 574 3370 quamvis
596 3291 688 3350 esset
711 3283 894 3347 admodum
912 3284 1111 3366 juvencula,
1129 3304 1220 3349 anno
1240 3285 1366 3365 gratian

418 3404 509 3451 uox.
537 3405 681 3450 uxorem
713 3383 815 3446 duxit
846 3383 1032 3464 imperator
1060 3383 1236 3447 Henricns
1262 3383 1365 3466 quin·

417 3494 486 3563 tus,
512 3505 612 3569 quem
640 3483 779 3565 quidam
805 3488 965 3564 quartum
992 3483 1123 3560 dicunt,
1149 3503 1218 3548 non
1243 3501 1365 3546 nume-

418 3593 535 3649 rantes
573 3582 764 3645 Henricum
806 3581 964 3662 primum,
1004 3601 1044 3645 co
1077 3583 1168 3664 quod
1207 3581 1368 3646 bencdic-

417 3682 545 3747 tioncm
585 3679 795 3762 imperialem
839 3678 941 3742 suerit
989 3681 1128 3744 minime
1171 3687 1364 3746 assecutus.

417 3781 513 3845 Huic
536 3778 688 3855 Matildi,
714 3777 851 3841 vivente
876 3778 988 3842 adhuc
1010 3781 1148 3857 marito,
1166 3789 1265 3863 pater·
1286 3780 1365 3863 ejus

416 3881 591 3945 chricus
609 3897 700 3942 anno
725 3878 821 3957 regni
852 3879 903 3940 sui
926 3872 1105 3944 ⁰vicesimo
1134 3881 1295 3961 septimo,
1321 3881 1369 3944 ab

1266 4023 1354 4032 --—

451 4102 457 4131 ¹
471 4105 533 4165 ‘per
543 4098 557 4162 ;'
577 4097 645 4150 D'A.
934 4097 943 4126 ⁴
957 4101 1089 4161 ‘periculo
1103 4101 1244 4149 saevissimo
1254 4094 1269 4159 ς’
1287 4099 1359 4151 D'A.

448 4171 458 4201 ²
470 4175 615 4222 ‘traxerunt
624 4171 746 4232 originem
758 4165 772 4228 ;'
791 4168 838 4217 Ar,
937 4167 963 4196 Μ
974 4172 1051 4219 maris
1062 4166 1076 4230 3'
1097 4171 1134 4220 M.
1141 4174 1166 4217 et
1174 4168 1221 4218 Ar.

448 4238 876 4303 ³‘u0n1a1merberya;’n1.et,4r.
936 4236 1101 4289 “tricesimo
1109 4236 1125 4301 ;'
1143 4234 1176 4288 D'
1179 4239 1211 4290 A.
1247 4240 1337 4300 2d,M.
