2940 4950
338 425 406 490 234
691 440 765 489 nro.
788 439 935 488 rmvsrr

339 600 492 680 graviter
518 598 729 679 indignatus,
751 597 931 662 conductis
949 596 1138 673 Corusinis,
1156 596 1216 678 qui
1238 597 1293 658 in·

339 708 392 763 ter
414 699 603 762 Saracenos
630 698 854 779 pugnatiores
876 704 1054 780 putantur,
1074 696 1291 760 Christianos

340 798 429 862 bello
452 797 664 879 aggreditur,
700 816 741 860 ac
771 797 813 861 de
840 797 890 860 eis
918 796 1172 860 multitudinem
1195 814 1290 876 mag-

339 918 419 962 nam
436 898 675 961 cruentissima
703 897 797 961 caede
826 897 976 973 stravit3
1008 895 1043 958 in
1072 916 1142 978 quo
1170 895 1290 978 praelio

338 998 529 1062 etiamtum
547 995 845 1079 priorHospitalis
861 1015 964 1077 quam
983 996 1148 1077 magister
1159 995 1290 1059 militiae

338 1097 474 1180 Templi
486 1098 529 1161 ab
540 1096 697 1161 hostibus
714 1096 945 1179 captivantur,
961 1095 1193 1178 Saracenique
1208 1094 1291 1158 civi·

338 1205 446 1262 tatem
470 1196 665 1260 Jerusalem
690 1196 954 1279 sepulcrumque
982 1195 1204 1260 Dominicum
1232 1193 1291 1257 de·

339 1304 553 1361 struxerunt.
607 1295 777 1377 Rogerus,
796 1302 989 1379 praecentor
1009 1293 1289 1367 saresberiensis,

339 1405 561 1461 consecratus
583 1403 637 1460 est
661 1397 697 1458 in
718 1396 917 1479 episcopum
935 1395 1203 1459 Bathoniensem
1219 1393 1291 1457 Ra·

339 1496 466 1578 dingiae
486 1497 708 1578 abepiscopo
726 1495 970 1559 Wintoniensi.
1022 1488 1137 1559 ¹0biit
1152 1493 1289 1560 Willel·

339 1616 427 1673 mus,
445 1597 627 1678 episcopus
648 1595 864 1660 Exoniensis.
920 1592 1016 1658 Obiit
1040 1595 1145 1659 etiam
1161 1592 1287 1659 Baldo-

338 1696 450 1758 winus
476 1696 518 1759 de
546 1695 711 1776 Ripariis,
740 1714 855 1759 comes
877 1694 1118 1759 Devoniensis.
1172 1694 1289 1759 Natus

338 1804 392 1860 est
408 1795 481 1876 regi
498 1794 589 1858 lilius
605 1794 790 1873 secundus,
804 1794 917 1859 dictus
933 1788 1186 1860 ²Eudmnndus.

352 2013 377 2048 D.
391 2012 481 2048 rut-c.
581 2011 604 2047 P.
617 2009 779 2046 ROMANORUM
798 2010 823 2046 R.
934 2008 1085 2046 ranunculi!
1105 1998 1109 2067 Ι
1129 2009 1268 2048 inductu!

363 2097 472 2134 uooxnv.
502 2097 696 2134 rnuoonurnrv.
723 2096 895 2133 rnenenmru.
926 2097 1095 2134 nonovrcrrx.
1121 2097 1278 2135 uunmcrm.

992 2157 1032 2204 19.
1177 2158 1217 2204 29.

174 2309 278 2400 gemb
389 2296 641 2361 quocnurrus
673 2315 776 2379 papa,
800 2303 881 2378 post
907 2314 1070 2377 magnum
1101 2302 1288 2361 tractatum

176 2460 283 2508 atuyme.

176 2409 317 2449 cuneum
337 2415 415 2460 cnm
429 2397 636 2480 imperatore
651 2396 694 2460 de
708 2414 795 2479 pace
811 2395 978 2472 habitum,
992 2414 1069 2459 cum
1081 2395 1192 2478 ipsius
1208 2416 1290 2462 con-

338 2504 393 2560 tra
416 2496 596 2560 ecclesiam
613 2496 865 2560 contumaciam
888 2494 1138 2577 perpendisset,
1157 2497 1289 2561 auxilio

338 2595 564 2659 Januensium
599 2595 777 2660 devenit
768 2615 803 2657 m
841 2593 996 2672 Gallias;
1040 2603 1075 2659 et
1111 2595 1288 2660 celebrans

338 2688 537 2758 ³concilium
560 2696 596 2757 in
616 2695 799 2776 Lugduno,
821 2695 933 2777 ipsum
957 2693 1052 2758 velut
1078 2693 1210 2758 hostem
1234 2715 1290 2759 ec·

338 2793 452 2857 clesiae
490 2794 659 2875 privando
696 2794 839 2876 imperio
868 2793 1119 2857 condemnavit.
1189 2795 1288 2858 Missi

339 2900 420 2957 sunt
450 2894 492 2956 ad
523 2894 588 2956 hoc
615 2894 796 2956 concilium
827 2913 887 2976 per
916 2913 1032 2974 regem
1061 2891 1213 2974 Angliae,
1246 2894 1287 2959 de

339 2992 481 3057 consilio
503 2993 738 3074 praelatorum,
765 2993 940 3068 comitum,
964 3000 999 3056 et
1023 2993 1203 3069 baronum,
1226 2995 1289 3058 viri

339 3093 470 3155 nobiles
487 3092 595 3173 Hugo
612 3092 737 3173 Bigod,
753 3092 776 3156 J
779 3111 907 3156 oannes
923 3092 1014 3156 lilius
1031 3091 1191 3170 Gelsridi,
1202 3093 1288 3158 wil-

339 3192 460 3256 lelmus
485 3192 528 3256 de
557 3192 755 3275 Cantilupo,
794 3191 977 3275 Philippus
995 3185 1176 3268 *Bassetb
1207 3193 1288 3258 dato

339 3294 388 3356 eis
414 3293 583 3358 advocato
613 3293 780 3374 magistro
795 3292 970 3356 Willelmo
993 3292 1036 3356 de
1053 3286 1227 3370 ⁵Powilre,
1251 3302 1290 3358 ut

339 3393 550 3457 concessioni
583 3393 675 3473 regis
700 3392 847 3456 Joannis
880 3392 923 3456 de
949 3410 1065 3455 annuo
1091 3412 1208 3457 censu.
1226 3412 1287 3476 pro

337 3490 468 3573 Anglia
496 3500 531 3555 et
555 3492 725 3556 Hibernia
750 3490 1035 3569 contradicerent,
1066 3498 1101 3556 et
1126 3493 1220 3574 quod
1245 3493 1287 3558 de
1357 3488 1363 3498 ’

338 3592 436 3672 regni
453 3611 598 3655 assensn
620 3612 688 3655 non
707 3600 932 3674 processerat,
948 3590 1008 3655 sed
1027 3612 1088 3675 per
1105 3591 1286 3657 Cantauri-

337 3711 454 3755 ensem
477 3691 783 3774 archiepiscopum,
807 3692 881 3755 vice
913 3692 1020 3757 totius
1045 3693 1157 3773 regni,
1186 3692 1289 3757 fuerit

338 3792 571 3854 reclamatum.
636 3791 702 3854 Sed
736 3810 839 3875 papa,
869 3791 934 3856 hoc
966 3791 1120 3873 indigere
1152 3811 1288 3856 morosa

375 4008 448 4058 ¹The
457 4009 587 4071 following
595 4009 681 4058 clause
692 4010 801 4059 iswant·
861 4005 936 4058 ’The
943 4007 1078 4058 thirteenth
1090 4007 1202 4059 General
1213 4024 1289 4060 ooun·

337 4075 509 4199 ingprvhps‘
502 4144 673 4198 ‘'Edmuudue
682 4149 845 4211 through·
825 4080 871 4175 ω’
862 4146 1019 4208 “Baesetf
1030 4148 1068 4196 Μ.

338 4229 389 4268 out.
859 4215 893 4246 ὅ*
886 4213 1022 4278 ‘Powik3'
1036 4218 1104 4268 n’A.
