2940 4950
695 445 768 495 Nlo.
784 446 931 494 TRlVll'l’l

601 651 607 666 .
816 650 823 664 .
920 628 1075 665 rossontus
1127 617 1303 833 anctorum!

672 740 678 752 .
871 610 1104 836 .
1128 715 1240 752 nunmcr
1251 718 1285 755 11.

780 808 786 821 .
839 807 846 820 .
990 776 1012 820 1.
1185 777 1229 823 28.

176 934 317 983 ninantur,
389 908 506 974 Cruor
524 911 626 972 finem
644 910 772 972 mensis
788 907 812 972 J
815 907 888 984 ulii,
906 906 1082 971 Hem-icus
1099 927 1165 971 rex
1180 910 1302 974 senior

175 992 260 1024 retum!
269 988 291 1023 1⁰

176 1034 280 1084 sagum
337 1010 373 1072 in
390 1007 554 1090 Angliam
575 1008 823 1073 transfretavit.
876 1004 1068 1082 Galfridus,
1085 1005 1181 1070 filius
1202 1009 1299 1089 regis

338 1107 490 1190 Angliae,
506 1109 610 1172 tiliam
626 1107 773 1183 Conani,
791 1105 926 1170 comitis
945 1106 1150 1182 Britanniae,
1168 1107 1297 1171 solem-

337 1209 428 1272 niter
449 1207 683 1289 desponsavit.
735 1199 795 1268 lIu
821 1205 1039 1269 solemnitate
1068 1204 1220 1271 Paschae
1250 1207 1294 1270 ad

338 1315 502 1383 castrum,
537 1306 629 1389 quod
663 1306 789 1370 dicitur
815 1298 1103 1381 2Μοιιε-Αιπθυε,
1132 1306 1294 1387 quasdam

338 1408 460 1471 mulier
482 1406 619 1470 infamis
645 1424 722 1468 cum
751 1405 924 1487 acciperet
954 1402 1090 1487 Corpus
1120 1403 1293 1483 (litatem,

339 1527 408 1570 non
420 1506 561 1588 glutivit
573 1504 671 1580 illud,
689 1504 749 1567 sed
768 1504 885 1585 posuit
898 1502 983 1567 illud
999 1504 1035 1567 iu
1053 1522 1135 1567 arca
1149 1523 1229 1581 sua,
1242 1504 1295 1568 in·

339 1607 495 1669 volutum
513 1624 628 1687 panno
644 1604 746 1667 lineo.
799 1602 887 1666 Cum
904 1609 1020 1666 autem
1036 1602 1179 1684 quidam
1201 1623 1295 1668 ama-

338 1705 410 1766 sius
428 1703 503 1786 ejus
520 1705 669 1785 aperiret
684 1703 827 1767 eandem
845 1720 974 1778 arcam,
991 1702 1125 1767 invenit
1142 1702 1292 1768 hostiam

341 1803 513 1866 Dominici
531 1802 694 1884 Corporis
711 1803 746 1865 in
764 1800 909 1882 effigiem
925 1801 1039 1865 carnis
1058 1811 1092 1866 et
1110 1803 1294 1884 sanguinis

339 1908 615 1965 transmutatam.

176 2025 313 2065 suenone
390 2000 507 2063 Mater
524 2001 658 2064 soldani
679 2000 800 2077 Iconii,
819 2019 898 2081 quae
916 2005 955 2063 ut
969 1998 1225 2082 supradictum
1241 2008 1293 2065 est

175 2075 326 2165 ‘dlssd'dd'fl
338 2117 436 2163 soror
455 2099 569 2163 suerat
592 2099 727 2163 comitis
754 2100 788 2162 S.
809 2100 952 2179 AEgidii,
976 2093 1137 2162 ³veniens
1162 2100 1211 2164 ad
1233 2121 1294 2164 ex·

175 2175 289 2215 cmm
338 2208 460 2274 trema,
475 2199 642 2263 revelavit
658 2198 728 2261 filio
743 2218 818 2271 suo,
844 2198 935 2280 quod
954 2218 1088 2280 semper
1103 2197 1293 2276 celaverat,

337 2299 428 2381 quod
448 2307 540 2361 essct
557 2297 715 2361 videlicet
734 2297 952 2374 Christiaua;
975 2298 1184 2380 rogavitque
1200 2299 1293 2381 quod

337 2398 491 2462 crederet
508 2396 770 2471 incusamur,
789 2405 824 2460 et
840 2397 931 2478 quod
948 2395 1108 2477 diligeret
1123 2395 1293 2462 Christia-

337 2516 410 2562 nos.
464 2496 528 2560 Cui
546 2496 648 2572 filins,
668 2516 705 2558 se
723 2515 791 2559 non
805 2496 932 2559 audere
954 2494 1020 2558 hoc
1043 2504 1162 2578 aperte
1180 2496 1295 2562 facere

337 2603 479 2677 propter
510 2613 675 2676 paganos,
708 2595 894 2676 respondit.
957 2594 1126 2676 Dixitque
1157 2604 1291 2661 mater:

338 2694 442 2769 ‘Fili,
468 2713 546 2756 cum
574 2703 711 2757 mortua
735 2693 841 2767 suero,
870 2694 1041 2757 excelsam
1070 2693 1153 2757 mihi
1176 2696 1296 2779 sepul·

338 2799 450 2856 turam
467 2793 520 2856 fac
539 2793 627 2856 sicut
644 2792 868 2875 pyramidem,
892 2800 927 2855 et
944 2811 1139 2875 supeream
1156 2794 1294 2860 colloca

337 2894 474 2975 signum
492 2894 626 2956 crucis!
666 2892 736 2970 Qui
754 2912 832 2955 cum
849 2892 1072 2973 responderet
1086 2911 1125 2955 se
1142 2911 1215 2956 non
1232 2913 1295 2958 au·

337 2992 418 3054 dero
445 2992 510 3054 hoc
537 2991 650 3055 facere
676 2992 718 3054 de
749 2992 816 3066 die,
845 2990 935 3055 dixit
966 2992 997 3054 ei
1024 2999 1063 3055 ut
1089 2991 1223 3056 faceret
1250 2994 1293 3058 de

338 3098 460 3167 nocte;
490 3109 558 3171 quo
584 3090 752 3171 indignati
773 3091 934 3153 Saraceni
956 3098 1078 3154 contra
1098 3090 1293 3175 principem

337 3206 450 3265 sunm,
467 3189 628 3252 volebant
639 3210 715 3252 eum
731 3189 894 3252 occidere.
935 3188 1159 3253 Adscendens
1173 3200 1292 3256 autem

337 3287 476 3369 quidam
491 3296 529 3350 ut
545 3308 678 3352 crucem
695 3289 893 3370 deponeret,
909 3307 1072 3351 corruens
1086 3289 1294 3371 exspiravit.

338 3386 437 3450 Alius
463 3407 601 3470 quoque
622 3388 665 3450 ad
686 3388 774 3450 idom
794 3387 965 3468 agendum
985 3387 1214 3465 adscendens,
1237 3410 1296 3455 ca·

336 3505 410 3548 sum
433 3486 578 3548 similem
602 3488 787 3567 experitur.
840 3486 961 3549 Tertia
986 3505 1068 3549 vero
1088 3484 1144 3549 die
1164 3505 1295 3554 conve-

289 3623 297 3638 ·
336 3585 451 3648 niente
488 3603 616 3665 magna
650 3585 878 3660 multitudine,
916 3592 955 3647 ut
985 3584 1167 3648 aedilicium
1205 3587 1293 3653 illud

336 3683 499 3759 dirueret,
531 3683 629 3746 multi
661 3684 703 3746 de
733 3686 782 3747 eis
816 3684 1054 3747 coruscatione
1088 3690 1123 3746 et
1153 3684 1297 3768 fulgure

335 3782 520 3864 perierunt.
572 3781 672 3845 Tunc
690 3782 799 3845 fertur
821 3783 1023 3864 apparuisse
1046 3782 1192 3864 angelus
1218 3787 1296 3852 Do·

336 3896 431 3956 tutu,
461 3888 496 3943 et
516 3880 742 3944 clarissimum
765 3883 900 3961 signum
928 3882 1040 3945 crucis
1066 3901 1173 3964 super
1195 3885 1296 3952 illam

335 3979 549 4061 pyramidem
581 3981 748 4062 posuisse.
805 3980 861 4042 Ex
894 3999 963 4061 quo
994 3980 1125 4045 sactum
1152 3990 1223 4062 est,
1258 3995 1299 4052 ut

368 4149 377 4182 ¹
393 4153 574 4202 ‘solemnitate
588 4155 709 4202 Paschali
718 4151 733 4215 ;'
745 4157 783 4205 Μ.
857 4154 868 4186 ³
885 4156 999 4205 Omitted
1011 4158 1037 4206 in
1049 4156 1119 4208 Μ.

369 4219 380 4249 ¹
394 4222 463 4270 Now
475 4223 608 4271 Moutoire.
