2940 4950
528 474 710 525 anninus.
1024 460 1091 525 369

131 632 251 716 praeda
264 651 391 713 magna
413 631 610 697 Carleolum
632 640 687 696 est
708 652 879 698 reversus.
932 632 975 696 lu
997 634 1086 700 sesto
1097 650 1249 740 propper

129 740 330 830 sanctorum
359 731 600 796 Innocentium
630 741 797 797 venerunt
825 734 861 796 in
887 732 1083 799 Flandriam
1096 711 1228 839 &⁰⁰55

130 832 176 896 ad
203 852 318 915 regem
341 831 480 914 Angliae
513 830 678 913 magister
709 831 839 896 ordinis
870 832 1082 899 Praedicato-
1096 811 1221 889 aedua

129 950 221 1008 rum,
251 940 287 997 et
323 931 479 995 minister
507 930 679 1012 generalis
714 930 859 996 fratrum
894 900 1225 1039 Minorum,{pffi¹d

128 1032 196 1094 sub
223 1031 341 1096 eadem
366 1029 490 1107 forma,
512 1050 582 1113 que
604 1037 686 1094 aute
709 1050 824 1112 regem
853 1032 1010 1097 Franciae
1037 1055 1083 1099 cx
1204 1011 1224 1049 μ’

128 1136 231 1213 parte
272 1130 399 1195 domini
436 1148 537 1213 papae
584 1138 806 1209 rogaverant,
847 1132 1082 1214 supplicantes

128 1237 302 1312 quatenus
334 1230 475 1294 nuntios
507 1228 677 1295 solemnes
710 1229 754 1293 ed
784 1230 913 1295 curiam
950 1232 1081 1298 Rorna-

129 1347 222 1406 nam,
242 1348 405 1394 concessa
423 1329 473 1393 eis
496 1329 597 1412 plena
619 1335 793 1410 potestate
818 1331 1001 1409 tractandi,
1025 1352 1080 1397 or·

128 1428 283 1507 dinandi,
313 1436 348 1493 et
372 1428 570 1512 perficiendi
597 1428 712 1491 omnia
740 1448 818 1511 quae
853 1431 948 1513 pacis
975 1431 1082 1495 resor-

127 1528 313 1593 mationem
339 1536 532 1611 tangerent,
561 1528 798 1604 destinarent;
832 1536 867 1593 et
889 1528 963 1611 ipse
981 1523 1082 1613 'apo-

128 1628 284 1706 stolious,
302 1648 370 1693 non
392 1635 557 1712 tanquam
573 1626 697 1711 judex,
721 1628 781 1692 sed
801 1635 839 1691 ut
857 1629 967 1693 bonus
983 1632 1080 1713 pacis

128 1727 299 1793 mediator
327 1728 362 1791 in
392 1727 521 1792 nullius
552 1727 789 1811 prejudicium
817 1734 1006 1810 satageret,
1035 1731 1079 1795 ad

125 1846 247 1910 pacem
269 1834 305 1891 et
327 1826 613 1910 tranquillitatem
634 1847 830 1909 regnorum,
855 1848 975 1910 regum
995 1831 1080 1893 ami-

125 1927 258 2003 citiam,
275 1925 311 1989 in
327 1933 458 1990 statum
473 1926 657 2009 pristinum
677 1925 875 1991 reformare.
928 1929 976 1992 Et
996 1930 1078 2012 quia
1091 1941 1199 2002 Therone

1091 1992 1173 2039 eujorur
1183 2005 1195 2030 n

126 2023 193 2091 hoc
227 2026 359 2110 absque
390 2027 521 2108 treugis
556 2026 630 2089 fieri
670 2044 739 2088 non
775 2045 877 2107 posse
905 2026 1077 2110 judicavit
1091 2043 1209 2090 trorum

1090 2094 1156 2137 truee,
1167 2094 1235 2132 under

125 2124 286 2190 dominus
322 2143 425 2208 papa,
454 2125 530 2189 ideo
554 2145 616 2207 per
637 2124 701 2188 hos
728 2125 868 2188 nuntios
902 2126 1077 2192 biennales
1090 2142 1140 2189 rain
1149 2142 1218 2181 orex-

1089 2192 1233 2231 eommunice-

124 2224 295 2302 inducias‚
328 2243 416 2308 quas
443 2245 506 2306 per
527 2224 720 2289 cardinales
745 2224 1003 2306 imploraverat,
1026 2228 1077 2290 in·
1090 2241 1223 2330 pfflw

125 2323 218 2389 dixit
235 2324 286 2389 ‘de
306 2343 396 2388 novo
418 2326 483 2389 sub
510 2343 614 2407 poena
638 2323 1017 2403 excommunicationis,
1042 2335 1077 2391 et

123 2423 300 2489 interdicti
317 2432 486 2490 terrarum
504 2444 656 2488 suarum.

852 2616 1068 2647 -Τ--

148 2635 283 2673 miano.
377 2634 400 2671 r.
413 2636 575 2671 nouiuoanu
588 2636 613 2671 a.
705 2616 857 2675 raruoonn'u
885 2624 1071 2685 ,inomauu'

560 2725 651 2760 anunm
681 2696 861 2764 'rruurruru
896 2699 1020 2763 audiam
1034 2729 1052 2767 ι.

176 2920 262 2984 Rux
288 2919 429 3003 Angliar
454 2921 668 3003 perpendens
695 2941 733 2986 se
759 2921 795 2984 in
821 2922 985 2988 Flandria
1014 2945 1073 3007 pe·
1087 2939 1195 2987 Thema

1086 2994 1185 3029 merent·
1195 2997 1216 3029 to

123 3019 271 3084 riculose
292 3027 571 3097 commorantem,
599 3019 750 3103 illucque
778 3041 838 3103 per
861 3023 1198 3088 informatio-therme-

124 3138 202 3184 nem
236 3119 373 3184 comitis
407 3118 519 3183 miuus
549 3119 735 3201 prudenter
766 3127 963 3197 attractum,
997 3144 1074 3206 reg-

124 3238 275 3300 numque
299 3217 473 3301 proprium
499 3219 665 3282 intestina
693 3217 861 3283 seditione
885 3223 1072 3299 turbatum,

122 3316 353 3401 fiduciamque
374 3337 472 3383 suam
493 3317 535 3381 de
561 3337 640 3399 rege
664 3316 901 3381 Romanorum
927 3341 988 3402 per
1011 3340 1072 3403 pa·

122 3437 203 3501 pam
232 3417 297 3481 sibi
326 3418 439 3481 minus
469 3417 686 3492 benevolum,
718 3436 862 3497 regnum
891 3418 1072 3485 Teutoniae

122 3519 330 3594 turbantem,
353 3517 567 3593 frustratam,
591 3516 767 3580 consensit
792 3517 826 3578 iu
857 3525 996 3600 treugas
1019 3520 1071 3582 in-

121 3615 245 3681 dictas.
298 3615 538 3698 Convenitque
559 3616 648 3679 inter
670 3634 782 3697 reges,
808 3624 846 3679 ut
868 3618 998 3701 captivi
1020 3619 1071 3681 in·
1085 3636 1236 3684 crearem

122 3716 223 3780 terim
260 3722 382 3781 taxata
420 3735 537 3780 eorum
574 3714 808 3797 redemptione
846 3716 1073 3782 liberarentur
1085 3686 1210 3774 iri‘e‘d'e‘i‘i'e

1085 3794 1148 3833 peace
1159 3785 1235 3823 should

120 3812 202 3879 hinc
229 3815 320 3892 inde,
343 3834 385 3879 ea
410 3814 620 3890 conditione,
648 3823 697 3891 ut,
718 3815 749 3877 si
775 3832 845 3897 pax
869 3837 937 3880 non
963 3818 1217 3923 fi⁰r⁰ssllili⁰ili

120 3914 272 3979 redirent
302 3915 346 3979 ad
377 3934 460 3979 suas
491 3913 680 3987 custodias,
714 3912 770 3977 vel
804 3914 1071 3999 redemptionem
1085 3935 1179 3981 uerno

1084 3983 1184 4023 released.

119 4013 296 4079 solverent
323 4014 396 4099 jam
429 4020 597 4080 taxatam.
671 4013 928 4078 Transmittunt
966 4016 1073 4095 igitur

495 4238 502 4271 ¹
520 4242 570 4291 i.e.
582 4241 624 4291 the
635 4256 710 4303 pope.

865 4352 883 4396 B
905 4352 923 4396 Β
