<?xml version="1.0" encoding="UTF-8"?>
<!DOCTYPE html PUBLIC "-//W3C//DTD XHTML 1.0 Transitional//EN"
    "http://www.w3.org/TR/xhtml1/DTD/xhtml1-transitional.dtd">
<html xmlns="http://www.w3.org/1999/xhtml" xml:lang="en" lang="en">
 <head>
  <title>
</title>
<meta http-equiv="Content-Type" content="text/html;charset=utf-8" />
  <meta name='ocr-system' content='tesseract 3.04.00' />
  <meta name='ocr-capabilities' content='ocr_page ocr_carea ocr_par ocr_line ocrx_word'/>
</head>
<body>
  <div class='ocr_page' id='page_1' title='image "./fnicholaitrivet00trivgoog/fnicholaitrivet00trivgoog_0151.png"; bbox 0 0 2940 4950; ppageno 0'>
   <div class='ocr_carea' id='block_1_1' title="bbox 173 440 775 505">
    <p class='ocr_par' dir='ltr' id='par_1_1' title="bbox 173 440 775 505">
     <span class='ocr_line' id='line_1_1' title="bbox 173 440 775 505; baseline -0.01 -2"><span class='ocrx_word' id='word_1_1' title='bbox 173 440 239 505; x_wconf 88' lang='lat'><strong>118</strong></span> <span class='ocrx_word' id='word_1_2' title='bbox 530 452 604 499; x_wconf 82' lang='lat' dir='ltr'><strong>rue.</strong></span> <span class='ocrx_word' id='word_1_3' title='bbox 626 450 775 499; x_wconf 76' lang='lat' dir='ltr'><strong>servum</strong></span> 
     </span>
    </p>
   </div>
   <div class='ocr_carea' id='block_1_2' title="bbox 175 604 1151 2579">
    <p class='ocr_par' dir='ltr' id='par_1_2' title="bbox 175 604 1147 1866">
     <span class='ocr_line' id='line_1_2' title="bbox 175 604 1142 694; baseline -0.005 -18"><span class='ocrx_word' id='word_1_4' title='bbox 175 631 281 694; x_wconf 92' lang='lat' dir='ltr'><strong>scopo</strong></span> <span class='ocrx_word' id='word_1_5' title='bbox 313 610 536 674; x_wconf 88' lang='lat' dir='ltr'><strong>Danelmensi</strong></span> <span class='ocrx_word' id='word_1_6' title='bbox 566 608 720 693; x_wconf 86' lang='lat' dir='ltr'><strong>ejusdem</strong></span> <span class='ocrx_word' id='word_1_7' title='bbox 751 609 873 692; x_wconf 85' lang='lat' dir='ltr'><strong>patriae</strong></span> <span class='ocrx_word' id='word_1_8' title='bbox 895 604 1056 673; x_wconf 80' lang='lat' dir='ltr'><strong>vendidit</strong></span> <span class='ocrx_word' id='word_1_9' title='bbox 1080 626 1142 671; x_wconf 89' lang='lat' dir='ltr'><strong>co·</strong></span> 
     </span>
     <span class='ocr_line' id='line_1_3' title="bbox 177 705 1140 784; baseline -0.005 -9"><span class='ocrx_word' id='word_1_10' title='bbox 177 713 347 775; x_wconf 82' lang='lat' dir='ltr'><strong>nritatum.</strong></span> <span class='ocrx_word' id='word_1_11' title='bbox 402 709 517 774; x_wconf 90' lang='lat' dir='ltr'><strong>Multa</strong></span> <span class='ocrx_word' id='word_1_12' title='bbox 533 710 637 774; x_wconf 88' lang='lat' dir='ltr'><strong>etiam</strong></span> <span class='ocrx_word' id='word_1_13' title='bbox 656 707 727 772; x_wconf 88' lang='lat' dir='ltr'><strong>alia</strong></span> <span class='ocrx_word' id='word_1_14' title='bbox 741 707 908 784; x_wconf 88' lang='lat' dir='ltr'><strong>vendidit,</strong></span> <span class='ocrx_word' id='word_1_15' title='bbox 927 705 1140 771; x_wconf 88' lang='lat' dir='ltr'><strong>multorum·</strong></span> 
     </span>
     <span class='ocr_line' id='line_1_4' title="bbox 178 804 1140 893; baseline -0.004 -20"><span class='ocrx_word' id='word_1_16' title='bbox 178 830 245 893; x_wconf 90' lang='lat' dir='ltr'><strong>que</strong></span> <span class='ocrx_word' id='word_1_17' title='bbox 267 818 490 874; x_wconf 86' lang='lat' dir='ltr'><strong>coacervatas</strong></span> <span class='ocrx_word' id='word_1_18' title='bbox 513 809 676 891; x_wconf 80' lang='lat' dir='ltr'><strong>pecunias</strong></span> <span class='ocrx_word' id='word_1_19' title='bbox 699 807 764 871; x_wconf 87' lang='lat' dir='ltr'><strong>sibi</strong></span> <span class='ocrx_word' id='word_1_20' title='bbox 787 808 824 871; x_wconf 94' lang='lat' dir='ltr'><strong>in</strong></span> <span class='ocrx_word' id='word_1_21' title='bbox 845 807 966 871; x_wconf 71' lang='lat' dir='ltr'><strong>Terrae</strong></span> <span class='ocrx_word' id='word_1_22' title='bbox 994 804 1140 870; x_wconf 82' lang='lat' dir='ltr'><strong>Sanctae</strong></span> 
     </span>
     <span class='ocr_line' id='line_1_5' title="bbox 180 901 1141 990; baseline -0.005 -17"><span class='ocrx_word' id='word_1_23' title='bbox 180 909 369 973; x_wconf 84' lang='lat' dir='ltr'>subsidium</span> <span class='ocrx_word' id='word_1_24' title='bbox 395 901 606 990; x_wconf 87' lang='lat' dir='ltr'><strong>adquisivit.¹</strong></span> <span class='ocrx_word' id='word_1_25' title='bbox 660 905 717 972; x_wconf 85' lang='lat' dir='ltr'><strong>Ad</strong></span> <span class='ocrx_word' id='word_1_26' title='bbox 743 907 835 988; x_wconf 79' lang='lat' dir='ltr'><strong>regis</strong></span> <span class='ocrx_word' id='word_1_27' title='bbox 859 906 964 971; x_wconf 89' lang='lat' dir='ltr'><strong>etiam</strong></span> <span class='ocrx_word' id='word_1_28' title='bbox 990 904 1141 969; x_wconf 85' lang='lat' dir='ltr'><strong>Ricardi</strong></span> 
     </span>
     <span class='ocr_line' id='line_1_6' title="bbox 180 1003 1140 1092; baseline -0.005 -20"><span class='ocrx_word' id='word_1_29' title='bbox 180 1008 373 1090; x_wconf 89' lang='lat' dir='ltr'><strong>imperium,</strong></span> <span class='ocrx_word' id='word_1_30' title='bbox 391 1008 434 1071; x_wconf 89' lang='lat' dir='ltr'><strong>ad</strong></span> <span class='ocrx_word' id='word_1_31' title='bbox 453 1008 674 1089; x_wconf 83' lang='lat' dir='ltr'><strong>episcopatus</strong></span> <span class='ocrx_word' id='word_1_32' title='bbox 685 1004 850 1092; x_wconf 91' lang='lat' dir='ltr'><strong>(quorum</strong></span> <span class='ocrx_word' id='word_1_33' title='bbox 866 1004 1023 1071; x_wconf 85' lang='lat' dir='ltr'>nonnulli</span> <span class='ocrx_word' id='word_1_34' title='bbox 1040 1003 1140 1087; x_wconf 88' lang='lat' dir='ltr'><strong>prins</strong></span> 
     </span>
     <span class='ocr_line' id='line_1_7' title="bbox 181 1101 1142 1189; baseline -0.005 -17"><span class='ocrx_word' id='word_1_35' title='bbox 181 1116 345 1173; x_wconf 86' lang='lat' dir='ltr'><strong>vacantes</strong></span> <span class='ocrx_word' id='word_1_36' title='bbox 367 1108 572 1172; x_wconf 90' lang='lat' dir='ltr'><strong>tenebantur</strong></span> <span class='ocrx_word' id='word_1_37' title='bbox 593 1106 628 1169; x_wconf 94' lang='lat' dir='ltr'><strong>in</strong></span> <span class='ocrx_word' id='word_1_38' title='bbox 651 1125 756 1170; x_wconf 91' lang='lat' dir='ltr'><strong>manu</strong></span> <span class='ocrx_word' id='word_1_39' title='bbox 779 1101 908 1189; x_wconf 85' lang='lat' dir='ltr'><strong>patrie)</strong></span> <span class='ocrx_word' id='word_1_40' title='bbox 923 1104 1027 1169; x_wconf 88' lang='lat' dir='ltr'><strong>alecti</strong></span> <span class='ocrx_word' id='word_1_41' title='bbox 1043 1110 1142 1181; x_wconf 89' lang='lat' dir='ltr'><strong>sunt,</strong></span> 
     </span>
     <span class='ocr_line' id='line_1_8' title="bbox 181 1203 1142 1288; baseline -0.005 -17"><span class='ocrx_word' id='word_1_42' title='bbox 181 1214 218 1271; x_wconf 90' lang='lat' dir='ltr'><strong>et</strong></span> <span class='ocrx_word' id='word_1_43' title='bbox 234 1206 444 1270; x_wconf 85' lang='lat' dir='ltr'><strong>assentiente</strong></span> <span class='ocrx_word' id='word_1_44' title='bbox 467 1224 548 1287; x_wconf 82' lang='lat' dir='ltr'><strong>rege</strong></span> <span class='ocrx_word' id='word_1_45' title='bbox 571 1204 794 1270; x_wconf 81' lang='lat' dir='ltr'><strong>inthronizati</strong></span> <span class='ocrx_word' id='word_1_46' title='bbox 819 1204 972 1288; x_wconf 78' lang='lat' dir='ltr'><strong>episcopi</strong></span> <span class='ocrx_word' id='word_1_47' title='bbox 1000 1209 1077 1267; x_wconf 89' lang='lat' dir='ltr'><strong>tam</strong></span> <span class='ocrx_word' id='word_1_48' title='bbox 1103 1203 1142 1266; x_wconf 94' lang='lat' dir='ltr'><strong>in</strong></span> 
     </span>
     <span class='ocr_line' id='line_1_9' title="bbox 185 1298 1143 1388; baseline -0.005 -18"><span class='ocrx_word' id='word_1_49' title='bbox 185 1305 314 1387; x_wconf 81' lang='lat' dir='ltr'><strong>Anglia</strong></span> <span class='ocrx_word' id='word_1_50' title='bbox 330 1325 433 1388; x_wconf 91' lang='lat' dir='ltr'><strong>quam</strong></span> <span class='ocrx_word' id='word_1_51' title='bbox 450 1306 485 1368; x_wconf 95' lang='lat' dir='ltr'><strong>in</strong></span> <span class='ocrx_word' id='word_1_52' title='bbox 503 1305 580 1368; x_wconf 86' lang='lat' dir='ltr'><strong>aliis</strong></span> <span class='ocrx_word' id='word_1_53' title='bbox 593 1298 724 1370; x_wconf 75' lang='lat' dir='ltr'><strong>&#39;terris</strong></span> <span class='ocrx_word' id='word_1_54' title='bbox 778 1303 877 1368; x_wconf 82' lang='lat' dir='ltr'>Inter</span> <span class='ocrx_word' id='word_1_55' title='bbox 893 1322 980 1385; x_wconf 87' lang='lat' dir='ltr'><strong>qnos</strong></span> <span class='ocrx_word' id='word_1_56' title='bbox 997 1301 1143 1367; x_wconf 81' lang='lat' dir='ltr'><strong>fuerunt</strong></span> 
     </span>
     <span class='ocr_line' id='line_1_10' title="bbox 185 1400 1145 1481; baseline -0.005 -11"><span class='ocrx_word' id='word_1_57' title='bbox 185 1406 366 1470; x_wconf 89' lang='lat' dir='ltr'><strong>Hubertus</strong></span> <span class='ocrx_word' id='word_1_58' title='bbox 382 1404 530 1469; x_wconf 89' lang='lat' dir='ltr'><strong>Walteri</strong></span> <span class='ocrx_word' id='word_1_59' title='bbox 545 1404 817 1481; x_wconf 76' lang='lat' dir='ltr'><strong>sarisberiensis,</strong></span> <span class='ocrx_word' id='word_1_60' title='bbox 834 1411 870 1467; x_wconf 90' lang='lat' dir='ltr'><strong>et</strong></span> <span class='ocrx_word' id='word_1_61' title='bbox 881 1401 1083 1466; x_wconf 88' lang='lat' dir='ltr'><strong>Willelmns</strong></span> <span class='ocrx_word' id='word_1_62' title='bbox 1100 1400 1145 1465; x_wconf 88' lang='lat' dir='ltr'><strong>de</strong></span> 
     </span>
     <span class='ocr_line' id='line_1_11' title="bbox 187 1497 1144 1586; baseline -0.003 -19"><span class='ocrx_word' id='word_1_63' title='bbox 187 1506 445 1586; x_wconf 86' lang='lat' dir='ltr'><strong>Longocampo</strong></span> <span class='ocrx_word' id='word_1_64' title='bbox 468 1497 642 1581; x_wconf 83' lang='lat' dir='ltr'><strong>Eliensis,³</strong></span> <span class='ocrx_word' id='word_1_65' title='bbox 665 1522 766 1585; x_wconf 90' lang='lat' dir='ltr'><strong>quem</strong></span> <span class='ocrx_word' id='word_1_66' title='bbox 791 1523 854 1567; x_wconf 86' lang='lat' dir='ltr'><strong>rex</strong></span> <span class='ocrx_word' id='word_1_67' title='bbox 881 1520 982 1566; x_wconf 93' lang='lat' dir='ltr'><strong>suum</strong></span> <span class='ocrx_word' id='word_1_68' title='bbox 1004 1499 1144 1565; x_wconf 91' lang='lat' dir='ltr'><strong>canoel·</strong></span> 
     </span>
     <span class='ocr_line' id='line_1_12' title="bbox 186 1599 1146 1687; baseline -0.002 -21"><span class='ocrx_word' id='word_1_69' title='bbox 186 1604 310 1667; x_wconf 89' lang='lat' dir='ltr'><strong>larium</strong></span> <span class='ocrx_word' id='word_1_70' title='bbox 326 1611 361 1668; x_wconf 93' lang='lat' dir='ltr'><strong>et</strong></span> <span class='ocrx_word' id='word_1_71' title='bbox 375 1604 482 1667; x_wconf 88' lang='lat' dir='ltr'><strong>totius</strong></span> <span class='ocrx_word' id='word_1_72' title='bbox 494 1602 722 1687; x_wconf 89' lang='lat' dir='ltr'><strong>justitiarium</strong></span> <span class='ocrx_word' id='word_1_73' title='bbox 738 1602 834 1684; x_wconf 75' lang='lat' dir='ltr'><strong>regni</strong></span> <span class='ocrx_word' id='word_1_74' title='bbox 848 1601 940 1666; x_wconf 82' lang='lat' dir='ltr'><strong>fecit.</strong></span> <span class='ocrx_word' id='word_1_75' title='bbox 965 1599 1146 1665; x_wconf 87' lang='lat' dir='ltr'><strong>Ricardns</strong></span> 
     </span>
     <span class='ocr_line' id='line_1_13' title="bbox 189 1699 1147 1785; baseline -0.002 -20"><span class='ocrx_word' id='word_1_76' title='bbox 189 1703 336 1765; x_wconf 91' lang='lat' dir='ltr'><strong>Eliensis</strong></span> <span class='ocrx_word' id='word_1_77' title='bbox 365 1702 478 1765; x_wconf 89' lang='lat' dir='ltr'><strong>sactus</strong></span> <span class='ocrx_word' id='word_1_78' title='bbox 510 1710 564 1766; x_wconf 87' lang='lat' dir='ltr'><strong>est</strong></span> <span class='ocrx_word' id='word_1_79' title='bbox 597 1701 848 1766; x_wconf 87' lang='lat' dir='ltr'><strong>Londoniensis</strong></span> <span class='ocrx_word' id='word_1_80' title='bbox 877 1699 1078 1785; x_wconf 88' lang='lat' dir='ltr'><strong>episcopus,</strong></span> <span class='ocrx_word' id='word_1_81' title='bbox 1110 1706 1147 1764; x_wconf 90' lang='lat' dir='ltr'><strong>et</strong></span> 
     </span>
     <span class='ocr_line' id='line_1_14' title="bbox 188 1795 855 1866; baseline -0.001 -1"><span class='ocrx_word' id='word_1_82' title='bbox 188 1795 411 1865; x_wconf 85' lang='lat' dir='ltr'><strong>⁴Godesridus</strong></span> <span class='ocrx_word' id='word_1_83' title='bbox 429 1801 471 1866; x_wconf 94' lang='lat' dir='ltr'><strong>de</strong></span> <span class='ocrx_word' id='word_1_84' title='bbox 490 1801 574 1865; x_wconf 90' lang='lat' dir='ltr'><strong>Luci</strong></span> <span class='ocrx_word' id='word_1_85' title='bbox 593 1801 855 1866; x_wconf 80' lang='lat' dir='ltr'><strong>wintoniensis.</strong></span> 
     </span>
    </p>

    <p class='ocr_par' dir='ltr' id='par_1_3' title="bbox 191 1898 1151 2579">
     <span class='ocr_line' id='line_1_15' title="bbox 242 1898 1147 1983; baseline -0.001 -21"><span class='ocrx_word' id='word_1_86' title='bbox 242 1899 446 1983; x_wconf 80' lang='lat' dir='ltr'><strong>Praeparata</strong></span> <span class='ocrx_word' id='word_1_87' title='bbox 467 1902 585 1982; x_wconf 87' lang='lat' dir='ltr'><strong>itaque</strong></span> <span class='ocrx_word' id='word_1_88' title='bbox 607 1900 718 1965; x_wconf 85' lang='lat' dir='ltr'><strong>classe</strong></span> <span class='ocrx_word' id='word_1_89' title='bbox 737 1907 877 1965; x_wconf 89' lang='lat' dir='ltr'><strong>centum</strong></span> <span class='ocrx_word' id='word_1_90' title='bbox 898 1907 978 1965; x_wconf 92' lang='lat' dir='ltr'><strong>octo</strong></span> <span class='ocrx_word' id='word_1_91' title='bbox 1000 1898 1147 1963; x_wconf 81' lang='lat' dir='ltr'><strong>navium</strong></span> 
     </span>
     <span class='ocr_line' id='line_1_16' title="bbox 191 1998 1147 2082; baseline -0.002 -19"><span class='ocrx_word' id='word_1_92' title='bbox 191 2006 227 2063; x_wconf 90' lang='lat' dir='ltr'><strong>ct</strong></span> <span class='ocrx_word' id='word_1_93' title='bbox 267 1999 426 2082; x_wconf 90' lang='lat' dir='ltr'><strong>amplius,</strong></span> <span class='ocrx_word' id='word_1_94' title='bbox 467 2001 571 2065; x_wconf 89' lang='lat' dir='ltr'><strong>armis</strong></span> <span class='ocrx_word' id='word_1_95' title='bbox 607 2007 643 2064; x_wconf 88' lang='lat' dir='ltr'><strong>et</strong></span> <span class='ocrx_word' id='word_1_96' title='bbox 675 1998 883 2065; x_wconf 81' lang='lat' dir='ltr'><strong>victualibus</strong></span> <span class='ocrx_word' id='word_1_97' title='bbox 925 2005 1147 2075; x_wconf 87' lang='lat' dir='ltr'><strong>onustarum,</strong></span> 
     </span>
     <span class='ocr_line' id='line_1_17' title="bbox 191 2097 1147 2180; baseline 0 -18"><span class='ocrx_word' id='word_1_98' title='bbox 191 2098 380 2180; x_wconf 90' lang='lat' dir='ltr'><strong>ceterisque</strong></span> <span class='ocrx_word' id='word_1_99' title='bbox 398 2099 441 2162; x_wconf 91' lang='lat' dir='ltr'><strong>ad</strong></span> <span class='ocrx_word' id='word_1_100' title='bbox 459 2100 524 2163; x_wconf 91' lang='lat' dir='ltr'><strong>iter</strong></span> <span class='ocrx_word' id='word_1_101' title='bbox 540 2100 806 2164; x_wconf 88' lang='lat' dir='ltr'><strong>transmarinum</strong></span> <span class='ocrx_word' id='word_1_102' title='bbox 828 2097 1043 2173; x_wconf 84' lang='lat' dir='ltr'><strong>necessariis,</strong></span> <span class='ocrx_word' id='word_1_103' title='bbox 1068 2116 1147 2179; x_wconf 75' lang='lat' dir='ltr'><strong>reg·</strong></span> 
     </span>
     <span class='ocr_line' id='line_1_18' title="bbox 193 2196 1151 2281; baseline -0.002 -20"><span class='ocrx_word' id='word_1_104' title='bbox 193 2218 306 2279; x_wconf 92' lang='lat' dir='ltr'><strong>noque</strong></span> <span class='ocrx_word' id='word_1_105' title='bbox 322 2197 462 2280; x_wconf 84' lang='lat' dir='ltr'><strong>Angliae</strong></span> <span class='ocrx_word' id='word_1_106' title='bbox 486 2207 589 2281; x_wconf 90' lang='lat' dir='ltr'><strong>prout</strong></span> <span class='ocrx_word' id='word_1_107' title='bbox 612 2199 776 2280; x_wconf 85' lang='lat' dir='ltr'><strong>angustia</strong></span> <span class='ocrx_word' id='word_1_108' title='bbox 803 2198 968 2281; x_wconf 83' lang='lat' dir='ltr'><strong>temporis</strong></span> <span class='ocrx_word' id='word_1_109' title='bbox 990 2196 1151 2279; x_wconf 83' lang='lat' dir='ltr'><strong>permisit</strong></span> 
     </span>
     <span class='ocr_line' id='line_1_19' title="bbox 192 2293 1146 2380; baseline -0.002 -21"><span class='ocrx_word' id='word_1_110' title='bbox 192 2297 371 2380; x_wconf 88' lang='lat' dir='ltr'><strong>disposito,</strong></span> <span class='ocrx_word' id='word_1_111' title='bbox 411 2299 548 2362; x_wconf 86' lang='lat' dir='ltr'><strong>transiit</strong></span> <span class='ocrx_word' id='word_1_112' title='bbox 586 2298 621 2361; x_wconf 93' lang='lat' dir='ltr'><strong>in</strong></span> <span class='ocrx_word' id='word_1_113' title='bbox 665 2297 928 2375; x_wconf 88' lang='lat' dir='ltr'><strong>Normanniam,</strong></span> <span class='ocrx_word' id='word_1_114' title='bbox 973 2304 1010 2360; x_wconf 90' lang='lat' dir='ltr'><strong>et</strong></span> <span class='ocrx_word' id='word_1_115' title='bbox 1050 2293 1146 2378; x_wconf 89' lang='lat' dir='ltr'><strong>apnd</strong></span> 
     </span>
     <span class='ocr_line' id='line_1_20' title="bbox 193 2392 1147 2478; baseline -0.002 -19"><span class='ocrx_word' id='word_1_116' title='bbox 193 2397 384 2461; x_wconf 82' lang='lat' dir='ltr'><strong>Lexovinm</strong></span> <span class='ocrx_word' id='word_1_117' title='bbox 416 2397 488 2478; x_wconf 81' lang='lat' dir='ltr'><strong>egit</strong></span> <span class='ocrx_word' id='word_1_118' title='bbox 519 2397 645 2461; x_wconf 84' lang='lat' dir='ltr'><strong>festum</strong></span> <span class='ocrx_word' id='word_1_119' title='bbox 683 2396 890 2461; x_wconf 77' lang='lat' dir='ltr'><strong>Natiuitatis</strong></span> <span class='ocrx_word' id='word_1_120' title='bbox 924 2392 1147 2461; x_wconf 75' lang='lat' dir='ltr'><strong>Dominicae:</strong></span> 
     </span>
     <span class='ocr_line' id='line_1_21' title="bbox 192 2494 1149 2579; baseline -0.005 -18"><span class='ocrx_word' id='word_1_121' title='bbox 192 2496 333 2578; x_wconf 87' lang='lat' dir='ltr'><strong>votique</strong></span> <span class='ocrx_word' id='word_1_122' title='bbox 370 2496 587 2579; x_wconf 88' lang='lat' dir='ltr'><strong>persolvendi</strong></span> <span class='ocrx_word' id='word_1_123' title='bbox 619 2494 788 2560; x_wconf 88' lang='lat' dir='ltr'><strong>sollicitus</strong></span> <span class='ocrx_word' id='word_1_124' title='bbox 823 2496 897 2577; x_wconf 83' lang='lat' dir='ltr'><strong>regi</strong></span> <span class='ocrx_word' id='word_1_125' title='bbox 935 2494 1149 2559; x_wconf 83' lang='lat' dir='ltr'><strong>Francorum</strong></span> 
     </span>
    </p>
   </div>
   <div class='ocr_carea' id='block_1_3' title="bbox 193 2592 1152 2975">
    <p class='ocr_par' dir='ltr' id='par_1_4' title="bbox 193 2592 1152 2975">
     <span class='ocr_line' id='line_1_22' title="bbox 193 2592 1149 2677; baseline -0.004 -18"><span class='ocrx_word' id='word_1_126' title='bbox 193 2596 343 2677; x_wconf 87' lang='lat' dir='ltr'><strong>scripsit,</strong></span> <span class='ocrx_word' id='word_1_127' title='bbox 373 2615 410 2658; x_wconf 91' lang='lat' dir='ltr'><strong>se</strong></span> <span class='ocrx_word' id='word_1_128' title='bbox 441 2595 484 2658; x_wconf 86' lang='lat' dir='ltr'><strong>ad</strong></span> <span class='ocrx_word' id='word_1_129' title='bbox 513 2595 579 2659; x_wconf 87' lang='lat' dir='ltr'><strong>iter</strong></span> <span class='ocrx_word' id='word_1_130' title='bbox 604 2594 721 2658; x_wconf 66' lang='lat' dir='ltr'><strong>Terrae</strong></span> <span class='ocrx_word' id='word_1_131' title='bbox 757 2594 895 2659; x_wconf 86' lang='lat' dir='ltr'><strong>Sanctae</strong></span> <span class='ocrx_word' id='word_1_132' title='bbox 924 2592 1149 2676; x_wconf 77' lang='lat' dir='ltr'><strong>expeditum3</strong></span> 
     </span>
     <span class='ocr_line' id='line_1_23' title="bbox 195 2692 1148 2776; baseline -0.003 -19"><span class='ocrx_word' id='word_1_133' title='bbox 195 2694 383 2757; x_wconf 87' lang='lat' dir='ltr'><strong>exhortans</strong></span> <span class='ocrx_word' id='word_1_134' title='bbox 414 2701 453 2757; x_wconf 91' lang='lat' dir='ltr'><strong>ut</strong></span> <span class='ocrx_word' id='word_1_135' title='bbox 481 2702 517 2758; x_wconf 90' lang='lat' dir='ltr'><strong>et</strong></span> <span class='ocrx_word' id='word_1_136' title='bbox 550 2695 624 2776; x_wconf 89' lang='lat' dir='ltr'><strong>ipse</strong></span> <span class='ocrx_word' id='word_1_137' title='bbox 657 2694 838 2758; x_wconf 87' lang='lat' dir='ltr'><strong>festinaret</strong></span> <span class='ocrx_word' id='word_1_138' title='bbox 869 2692 1070 2776; x_wconf 82' lang='lat' dir='ltr'><strong>procedere,</strong></span> <span class='ocrx_word' id='word_1_139' title='bbox 1103 2711 1148 2756; x_wconf 87' lang='lat' dir='ltr'><strong>ex</strong></span> 
     </span>
     <span class='ocr_line' id='line_1_24' title="bbox 194 2792 1152 2875; baseline -0.001 -19"><span class='ocrx_word' id='word_1_140' title='bbox 194 2793 303 2874; x_wconf 89' lang='lat' dir='ltr'><strong>patris</strong></span> <span class='ocrx_word' id='word_1_141' title='bbox 325 2794 600 2875; x_wconf 82' lang='lat' dir='ltr'><strong>argumentando</strong></span> <span class='ocrx_word' id='word_1_142' title='bbox 622 2793 793 2875; x_wconf 83' lang='lat' dir='ltr'><strong>exemplo,</strong></span> <span class='ocrx_word' id='word_1_143' title='bbox 816 2792 908 2875; x_wconf 92' lang='lat' dir='ltr'><strong>quod</strong></span> <span class='ocrx_word' id='word_1_144' title='bbox 928 2810 1068 2873; x_wconf 87' lang='lat' dir='ltr'><strong>semper</strong></span> <span class='ocrx_word' id='word_1_145' title='bbox 1093 2810 1152 2855; x_wconf 95' lang='lat' dir='ltr'><strong>no-</strong></span> 
     </span>
     <span class='ocr_line' id='line_1_25' title="bbox 195 2890 1152 2975; baseline -0.002 -18"><span class='ocrx_word' id='word_1_146' title='bbox 195 2893 266 2957; x_wconf 92' lang='lat' dir='ltr'><strong>cuit</strong></span> <span class='ocrx_word' id='word_1_147' title='bbox 283 2892 418 2956; x_wconf 87' lang='lat' dir='ltr'><strong>differre</strong></span> <span class='ocrx_word' id='word_1_148' title='bbox 435 2892 579 2974; x_wconf 89' lang='lat' dir='ltr'><strong>paratis.</strong></span> <span class='ocrx_word' id='word_1_149' title='bbox 617 2890 908 2975; x_wconf 86' lang='lat' dir='ltr'><strong>Archiepiscopus</strong></span> <span class='ocrx_word' id='word_1_150' title='bbox 923 2890 1152 2955; x_wconf 86' lang='lat' dir='ltr'><strong>Treverensis</strong></span> 
     </span>
    </p>
   </div>
   <div class='ocr_carea' id='block_1_4' title="bbox 196 2989 1153 3171">
    <p class='ocr_par' dir='ltr' id='par_1_5' title="bbox 196 2989 1153 3171">
     <span class='ocr_line' id='line_1_26' title="bbox 196 2989 1153 3073; baseline 0.001 -20"><span class='ocrx_word' id='word_1_151' title='bbox 196 2992 231 3053; x_wconf 91' lang='lat' dir='ltr'><strong>in</strong></span> <span class='ocrx_word' id='word_1_152' title='bbox 259 2991 387 3072; x_wconf 83' lang='lat' dir='ltr'><strong>Anglia</strong></span> <span class='ocrx_word' id='word_1_153' title='bbox 410 2992 557 3054; x_wconf 88' lang='lat' dir='ltr'><strong>moriens</strong></span> <span class='ocrx_word' id='word_1_154' title='bbox 590 2991 747 3073; x_wconf 88' lang='lat' dir='ltr'><strong>sepultus</strong></span> <span class='ocrx_word' id='word_1_155' title='bbox 778 2999 832 3055; x_wconf 87' lang='lat' dir='ltr'><strong>est</strong></span> <span class='ocrx_word' id='word_1_156' title='bbox 859 2989 1153 3072; x_wconf 80' lang='lat' dir='ltr'><strong>Northamptonae</strong></span> 
     </span>
     <span class='ocr_line' id='line_1_27' title="bbox 197 3088 544 3171; baseline -0.003 -18"><span class='ocrx_word' id='word_1_157' title='bbox 197 3089 288 3171; x_wconf 91' lang='lat' dir='ltr'><strong>apud</strong></span> <span class='ocrx_word' id='word_1_158' title='bbox 306 3090 342 3153; x_wconf 92' lang='lat' dir='ltr'><strong>S.</strong></span> <span class='ocrx_word' id='word_1_159' title='bbox 359 3088 544 3154; x_wconf 87' lang='lat' dir='ltr'><strong>Andream.</strong></span> 
     </span>
    </p>
   </div>
   <div class='ocr_carea' id='block_1_5' title="bbox 200 3294 1164 3984">
    <p class='ocr_par' dir='ltr' id='par_1_6' title="bbox 200 3294 1164 3984">
     <span class='ocr_line' id='line_1_28' title="bbox 235 3294 981 3359; baseline 0.007 -14"><span class='ocrx_word' id='word_1_160' title='bbox 235 3294 243 3326; x_wconf 87' lang='lat'>¹</span> <span class='ocrx_word' id='word_1_161' title='bbox 263 3297 375 3346; x_wconf 86' lang='lat' dir='ltr'><strong>Richard</strong></span> <span class='ocrx_word' id='word_1_162' title='bbox 397 3297 427 3346; x_wconf 82' lang='lat' dir='ltr'><strong>oi</strong></span> <span class='ocrx_word' id='word_1_163' title='bbox 443 3297 551 3346; x_wconf 83' lang='lat' dir='ltr'><strong>Devisea</strong></span> <span class='ocrx_word' id='word_1_164' title='bbox 568 3297 664 3358; x_wconf 80' lang='lat' dir='ltr'><strong>writes,</strong></span> <span class='ocrx_word' id='word_1_165' title='bbox 723 3294 981 3359; x_wconf 77' lang='lat' dir='ltr'><strong>²‘terrinnnis3’M.</strong></span> 
     </span>
     <span class='ocr_line' id='line_1_29' title="bbox 201 3366 663 3429; baseline -0.002 -14"><span class='ocrx_word' id='word_1_166' title='bbox 201 3366 255 3416; x_wconf 89' lang='lat' dir='ltr'><strong>that</strong></span> <span class='ocrx_word' id='word_1_167' title='bbox 267 3367 309 3416; x_wconf 88' lang='lat' dir='ltr'><strong>tbe</strong></span> <span class='ocrx_word' id='word_1_168' title='bbox 328 3367 391 3429; x_wconf 77' lang='lat' dir='ltr'><strong>king</strong></span> <span class='ocrx_word' id='word_1_169' title='bbox 407 3367 474 3427; x_wconf 85' lang='lat' dir='ltr'><strong>said,</strong></span> <span class='ocrx_word' id='word_1_170' title='bbox 493 3367 535 3414; x_wconf 83' lang='lat' dir='ltr'><strong>‘si</strong></span> <span class='ocrx_word' id='word_1_171' title='bbox 555 3367 663 3415; x_wconf 81' lang='lat' dir='ltr'><strong>invenis·</strong></span> 
     </span>
     <span class='ocr_line' id='line_1_30' title="bbox 200 3432 1156 3498; baseline 0 -13"><span class='ocrx_word' id='word_1_172' title='bbox 200 3451 252 3485; x_wconf 80' lang='lat' dir='ltr'><strong>sem</strong></span> <span class='ocrx_word' id='word_1_173' title='bbox 264 3441 409 3498; x_wconf 88' lang='lat' dir='ltr'><strong>emptorem,</strong></span> <span class='ocrx_word' id='word_1_174' title='bbox 420 3436 589 3485; x_wconf 80' lang='lat' dir='ltr'><strong>vendidissem</strong></span> <span class='ocrx_word' id='word_1_175' title='bbox 600 3435 663 3484; x_wconf 81' lang='lat' dir='ltr'><strong>ion·</strong></span> <span class='ocrx_word' id='word_1_176' title='bbox 723 3432 735 3465; x_wconf 83' lang='lat'>⁸</span> <span class='ocrx_word' id='word_1_177' title='bbox 752 3434 938 3497; x_wconf 78' lang='lat' dir='ltr'><strong>Longchnmpr.</strong></span> <span class='ocrx_word' id='word_1_178' title='bbox 960 3434 1053 3485; x_wconf 78' lang='lat' dir='ltr'><strong>‘Alter</strong></span> <span class='ocrx_word' id='word_1_179' title='bbox 1060 3434 1156 3497; x_wconf 70' lang='lat' dir='ltr'><strong>sneob,</strong></span> 
     </span>
     <span class='ocr_line' id='line_1_31' title="bbox 200 3501 1158 3568; baseline 0.001 -14"><span class='ocrx_word' id='word_1_180' title='bbox 200 3507 296 3554; x_wconf 89' lang='lat' dir='ltr'><strong>diniam</strong></span> <span class='ocrx_word' id='word_1_181' title='bbox 306 3501 319 3565; x_wconf 88' lang='lat'><strong>;’</strong></span> <span class='ocrx_word' id='word_1_182' title='bbox 332 3506 425 3567; x_wconf 89' lang='lat' dir='ltr'><strong>which,</strong></span> <span class='ocrx_word' id='word_1_183' title='bbox 433 3506 464 3554; x_wconf 89' lang='lat' dir='ltr'><strong>he</strong></span> <span class='ocrx_word' id='word_1_184' title='bbox 474 3506 589 3567; x_wconf 81' lang='lat' dir='ltr'><strong>quaintly</strong></span> <span class='ocrx_word' id='word_1_185' title='bbox 596 3520 665 3566; x_wconf 78' lang='lat' dir='ltr'><strong>says,</strong></span> <span class='ocrx_word' id='word_1_186' title='bbox 689 3505 749 3553; x_wconf 86' lang='lat' dir='ltr'><strong>licet</strong></span> <span class='ocrx_word' id='word_1_187' title='bbox 759 3519 808 3553; x_wconf 94' lang='lat' dir='ltr'><strong>non</strong></span> <span class='ocrx_word' id='word_1_188' title='bbox 822 3504 946 3554; x_wconf 81' lang='lat' dir='ltr'><strong>lactasset</strong></span> <span class='ocrx_word' id='word_1_189' title='bbox 960 3504 1080 3568; x_wconf 57' lang='lat' dir='ltr'><strong>angelos</strong></span> <span class='ocrx_word' id='word_1_190' title='bbox 1100 3506 1158 3555; x_wconf 79' lang='lat' dir='ltr'><strong>aie.</strong></span> 
     </span>
     <span class='ocr_line' id='line_1_32' title="bbox 202 3574 858 3637; baseline 0.003 -15"><span class='ocrx_word' id='word_1_191' title='bbox 202 3575 247 3623; x_wconf 89' lang='lat' dir='ltr'><strong>did</strong></span> <span class='ocrx_word' id='word_1_192' title='bbox 259 3581 301 3624; x_wconf 89' lang='lat' dir='ltr'><strong>not</strong></span> <span class='ocrx_word' id='word_1_193' title='bbox 316 3581 358 3637; x_wconf 80' lang='lat' dir='ltr'><strong>get</strong></span> <span class='ocrx_word' id='word_1_194' title='bbox 368 3575 438 3624; x_wconf 87' lang='lat' dir='ltr'><strong>wind</strong></span> <span class='ocrx_word' id='word_1_195' title='bbox 454 3580 481 3623; x_wconf 86' lang='lat' dir='ltr'><strong>at</strong></span> <span class='ocrx_word' id='word_1_196' title='bbox 494 3575 536 3623; x_wconf 86' lang='lat' dir='ltr'><strong>the</strong></span> <span class='ocrx_word' id='word_1_197' title='bbox 554 3576 622 3636; x_wconf 88' lang='lat' dir='ltr'><strong>time,</strong></span> <span class='ocrx_word' id='word_1_198' title='bbox 637 3590 666 3623; x_wconf 92' lang='lat' dir='ltr'><strong>or</strong></span> <span class='ocrx_word' id='word_1_199' title='bbox 690 3574 751 3623; x_wconf 81' lang='lat' dir='ltr'><strong>Div.</strong></span> <span class='ocrx_word' id='word_1_200' title='bbox 763 3579 803 3624; x_wconf 92' lang='lat' dir='ltr'><strong>ll.</strong></span> <span class='ocrx_word' id='word_1_201' title='bbox 817 3578 858 3624; x_wconf 78' lang='lat'><strong>18.</strong></span> 
     </span>
     <span class='ocr_line' id='line_1_33' title="bbox 201 3644 665 3706; baseline 0.004 -15"><span class='ocrx_word' id='word_1_202' title='bbox 201 3644 244 3691; x_wconf 91' lang='lat' dir='ltr'><strong>tbe</strong></span> <span class='ocrx_word' id='word_1_203' title='bbox 256 3646 365 3706; x_wconf 81' lang='lat' dir='ltr'><strong>cunning</strong></span> <span class='ocrx_word' id='word_1_204' title='bbox 377 3644 505 3693; x_wconf 87' lang='lat' dir='ltr'><strong>merchant</strong></span> <span class='ocrx_word' id='word_1_205' title='bbox 511 3644 591 3705; x_wconf 83' lang='lat' dir='ltr'><strong>might</strong></span> <span class='ocrx_word' id='word_1_206' title='bbox 602 3645 665 3693; x_wconf 83' lang='lat' dir='ltr'><strong>heve</strong></span> 
     </span>
     <span class='ocr_line' id='line_1_34' title="bbox 202 3708 1161 3776; baseline 0.003 -16"><span class='ocrx_word' id='word_1_207' title='bbox 202 3713 275 3760; x_wconf 88' lang='lat' dir='ltr'><strong>acted</strong></span> <span class='ocrx_word' id='word_1_208' title='bbox 286 3728 318 3761; x_wconf 94' lang='lat' dir='ltr'><strong>on</strong></span> <span class='ocrx_word' id='word_1_209' title='bbox 330 3714 422 3763; x_wconf 86' lang='lat' dir='ltr'><strong>theold</strong></span> <span class='ocrx_word' id='word_1_210' title='bbox 434 3714 540 3775; x_wconf 78' lang='lat' dir='ltr'><strong>English</strong></span> <span class='ocrx_word' id='word_1_211' title='bbox 551 3715 666 3776; x_wconf 86' lang='lat' dir='ltr'><strong>proverb,</strong></span> <span class='ocrx_word' id='word_1_212' title='bbox 726 3710 736 3743; x_wconf 88' lang='lat'><strong>⁴</strong></span> <span class='ocrx_word' id='word_1_213' title='bbox 752 3708 940 3764; x_wconf 78' lang='lat' dir='ltr'><strong>‘Godesridns’</strong></span> <span class='ocrx_word' id='word_1_214' title='bbox 953 3711 1051 3762; x_wconf 78' lang='lat' dir='ltr'><strong>isirom</strong></span> <span class='ocrx_word' id='word_1_215' title='bbox 1059 3712 1161 3765; x_wconf 58' lang='lat' dir='ltr'><strong>hand</strong></span> 
     </span>
     <span class='ocr_line' id='line_1_35' title="bbox 205 3781 1161 3845; baseline 0.006 -17"><span class='ocrx_word' id='word_1_216' title='bbox 205 3781 317 3830; x_wconf 87' lang='lat' dir='ltr'><strong>‘Emere</strong></span> <span class='ocrx_word' id='word_1_217' title='bbox 339 3797 385 3843; x_wconf 89' lang='lat' dir='ltr'><strong>pro</strong></span> <span class='ocrx_word' id='word_1_218' title='bbox 407 3784 551 3845; x_wconf 88' lang='lat' dir='ltr'><strong>duodecim,</strong></span> <span class='ocrx_word' id='word_1_219' title='bbox 573 3789 598 3831; x_wconf 90' lang='lat' dir='ltr'><strong>et</strong></span> <span class='ocrx_word' id='word_1_220' title='bbox 621 3798 666 3844; x_wconf 93' lang='lat' dir='ltr'><strong>pro</strong></span> <span class='ocrx_word' id='word_1_221' title='bbox 691 3781 748 3843; x_wconf 71' lang='lat' dir='ltr'><strong>Aa,</strong></span> <span class='ocrx_word' id='word_1_222' title='bbox 759 3783 810 3832; x_wconf 87' lang='lat' dir='ltr'><strong>and</strong></span> <span class='ocrx_word' id='word_1_223' title='bbox 819 3782 929 3842; x_wconf 87' lang='lat' dir='ltr'><strong>adopted</strong></span> <span class='ocrx_word' id='word_1_224' title='bbox 940 3783 974 3843; x_wconf 77' lang='lat' dir='ltr'><strong>by</strong></span> <span class='ocrx_word' id='word_1_225' title='bbox 986 3782 1064 3833; x_wconf 77' lang='lat' dir='ltr'><strong>Hail-</strong></span> <span class='ocrx_word' id='word_1_226' title='bbox 1098 3785 1161 3834; x_wconf 69' lang='lat' dir='ltr'><strong>Cod-</strong></span> 
     </span>
     <span class='ocr_line' id='line_1_36' title="bbox 206 3846 1164 3914; baseline 0.006 -16"><span class='ocrx_word' id='word_1_227' title='bbox 206 3866 256 3899; x_wconf 88' lang='lat' dir='ltr'><strong>uno</strong></span> <span class='ocrx_word' id='word_1_228' title='bbox 267 3858 292 3900; x_wconf 89' lang='lat' dir='ltr'><strong>et</strong></span> <span class='ocrx_word' id='word_1_229' title='bbox 303 3853 379 3902; x_wconf 83' lang='lat' dir='ltr'><strong>semis</strong></span> <span class='ocrx_word' id='word_1_230' title='bbox 391 3853 498 3902; x_wconf 87' lang='lat' dir='ltr'><strong>vendere</strong></span> <span class='ocrx_word' id='word_1_231' title='bbox 508 3849 524 3914; x_wconf 74' lang='lat'><strong>3&#39;</strong></span> <span class='ocrx_word' id='word_1_232' title='bbox 540 3853 595 3902; x_wconf 84' lang='lat' dir='ltr'><strong>Ric.</strong></span> <span class='ocrx_word' id='word_1_233' title='bbox 604 3853 665 3903; x_wconf 88' lang='lat' dir='ltr'><strong>Div.</strong></span> <span class='ocrx_word' id='word_1_234' title='bbox 693 3852 756 3913; x_wconf 70' lang='lat' dir='ltr'><strong>fleg.</strong></span> <span class='ocrx_word' id='word_1_235' title='bbox 769 3853 818 3901; x_wconf 89' lang='lat' dir='ltr'><strong>and</strong></span> <span class='ocrx_word' id='word_1_236' title='bbox 831 3846 898 3900; x_wconf 77' lang='lat' dir='ltr'><em>D’A.</em></span> <span class='ocrx_word' id='word_1_237' title='bbox 910 3852 975 3901; x_wconf 85' lang='lat' dir='ltr'><strong>bave</strong></span> <span class='ocrx_word' id='word_1_238' title='bbox 984 3852 993 3879; x_wconf 89' lang='lat'>‘</span> <span class='ocrx_word' id='word_1_239' title='bbox 1001 3849 1164 3914; x_wconf 77' lang='lat' dir='ltr'><strong>Galfridns3&#39;</strong></span> 
     </span>
     <span class='ocr_line' id='line_1_37' title="bbox 207 3921 950 3984; baseline 0.005 -16"><span class='ocrx_word' id='word_1_240' title='bbox 207 3936 232 3981; x_wconf 92' lang='lat' dir='ltr'><strong>p.</strong></span> <span class='ocrx_word' id='word_1_241' title='bbox 247 3924 285 3969; x_wconf 81' lang='lat' dir='ltr'><strong>ld.</strong></span> <span class='ocrx_word' id='word_1_242' title='bbox 298 3926 338 3971; x_wconf 72' lang='lat'><strong>80.</strong></span> <span class='ocrx_word' id='word_1_243' title='bbox 691 3921 767 3984; x_wconf 79' lang='lat' dir='ltr'><strong>infru,</strong></span> <span class='ocrx_word' id='word_1_244' title='bbox 778 3922 811 3972; x_wconf 85' lang='lat' dir='ltr'><strong>ud</strong></span> <span class='ocrx_word' id='word_1_245' title='bbox 823 3936 864 3971; x_wconf 92' lang='lat' dir='ltr'><strong>an.</strong></span> <span class='ocrx_word' id='word_1_246' title='bbox 877 3924 950 3972; x_wconf 70' lang='grc' dir='ltr'><strong>ΠΜ.</strong></span> 
     </span>
    </p>
   </div>
   <div class='ocr_carea' id='block_1_6' title="bbox 0 0 1511 4950">
    <p class='ocr_par' dir='ltr' id='par_1_7' title="bbox 0 0 1511 4950">
     <span class='ocr_line' id='line_1_38' title="bbox 0 0 1511 4950; baseline 0 0"><span class='ocrx_word' id='word_1_247' title='bbox 0 0 1511 4950; x_wconf 95' lang='lat' dir='ltr'><strong> </strong></span> 
     </span>
    </p>
   </div>
  </div>
 </body>
</html>
