<?xml version="1.0" encoding="UTF-8"?>
<!DOCTYPE html PUBLIC "-//W3C//DTD XHTML 1.0 Transitional//EN"
    "http://www.w3.org/TR/xhtml1/DTD/xhtml1-transitional.dtd">
<html xmlns="http://www.w3.org/1999/xhtml" xml:lang="en" lang="en">
 <head>
  <title>
</title>
<meta http-equiv="Content-Type" content="text/html;charset=utf-8" />
  <meta name='ocr-system' content='tesseract 3.04.00' />
  <meta name='ocr-capabilities' content='ocr_page ocr_carea ocr_par ocr_line ocrx_word'/>
</head>
<body>
  <div class='ocr_page' id='page_1' title='image "./fnicholaitrivet00trivgoog/fnicholaitrivet00trivgoog_0050.png"; bbox 0 0 2940 4950; ppageno 0'>
   <div class='ocr_carea' id='block_1_1' title="bbox 573 415 1141 480">
    <p class='ocr_par' dir='ltr' id='par_1_1' title="bbox 573 415 1141 480">
     <span class='ocr_line' id='line_1_1' title="bbox 573 415 1141 480; baseline 0.004 -2"><span class='ocrx_word' id='word_1_1' title='bbox 573 431 753 480; x_wconf 71' lang='lat' dir='ltr'>anninus.</span> <span class='ocrx_word' id='word_1_2' title='bbox 1097 415 1141 480; x_wconf 87' lang='grc'>17</span> 
     </span>
    </p>
   </div>
   <div class='ocr_carea' id='block_1_2' title="bbox 185 587 1297 3657">
    <p class='ocr_par' dir='ltr' id='par_1_2' title="bbox 185 587 1215 2458">
     <span class='ocr_line' id='line_1_2' title="bbox 187 587 1138 672; baseline 0.004 -23"><span class='ocrx_word' id='word_1_3' title='bbox 187 606 267 649; x_wconf 91' lang='lat' dir='ltr'>cum</span> <span class='ocrx_word' id='word_1_4' title='bbox 283 606 384 651; x_wconf 88' lang='lat' dir='ltr'>socru</span> <span class='ocrx_word' id='word_1_5' title='bbox 398 607 463 652; x_wconf 89' lang='lat' dir='ltr'>sua</span> <span class='ocrx_word' id='word_1_6' title='bbox 479 589 610 670; x_wconf 80' lang='lat' dir='ltr'>regina,</span> <span class='ocrx_word' id='word_1_7' title='bbox 630 610 709 672; x_wconf 85' lang='lat' dir='ltr'>quae</span> <span class='ocrx_word' id='word_1_8' title='bbox 731 590 812 654; x_wconf 88' lang='lat' dir='ltr'>dum</span> <span class='ocrx_word' id='word_1_9' title='bbox 832 589 875 653; x_wconf 88' lang='lat' dir='ltr'>ad</span> <span class='ocrx_word' id='word_1_10' title='bbox 899 588 1012 653; x_wconf 90' lang='lat' dir='ltr'>locum</span> <span class='ocrx_word' id='word_1_11' title='bbox 1033 587 1138 653; x_wconf 90' lang='lat' dir='ltr'>alium</span> 
     </span>
     <span class='ocr_line' id='line_1_3' title="bbox 188 684 1135 772; baseline 0.005 -24"><span class='ocrx_word' id='word_1_12' title='bbox 188 684 338 767; x_wconf 84' lang='lat' dir='ltr'>migrare</span> <span class='ocrx_word' id='word_1_13' title='bbox 354 687 533 766; x_wconf 90' lang='lat' dir='ltr'>voluisset,</span> <span class='ocrx_word' id='word_1_14' title='bbox 551 708 573 753; x_wconf 91' lang='lat' dir='ltr'>a</span> <span class='ocrx_word' id='word_1_15' title='bbox 588 688 746 754; x_wconf 85' lang='lat' dir='ltr'>Galfrido</span> <span class='ocrx_word' id='word_1_16' title='bbox 767 709 873 772; x_wconf 88' lang='lat' dir='ltr'>passa</span> <span class='ocrx_word' id='word_1_17' title='bbox 895 689 1135 763; x_wconf 82' lang='lat' dir='ltr'>resistentiam,</span> 
     </span>
     <span class='ocr_line' id='line_1_4' title="bbox 187 782 1135 873; baseline 0.004 -25"><span class='ocrx_word' id='word_1_18' title='bbox 187 793 312 850; x_wconf 88' lang='lat' dir='ltr'>coacta</span> <span class='ocrx_word' id='word_1_19' title='bbox 325 794 378 850; x_wconf 90' lang='lat' dir='ltr'>est</span> <span class='ocrx_word' id='word_1_20' title='bbox 392 787 427 850; x_wconf 93' lang='lat' dir='ltr'>in</span> <span class='ocrx_word' id='word_1_21' title='bbox 451 808 555 852; x_wconf 88' lang='lat' dir='ltr'>manu</span> <span class='ocrx_word' id='word_1_22' title='bbox 576 789 730 873; x_wconf 87' lang='lat' dir='ltr'>ejusdem</span> <span class='ocrx_word' id='word_1_23' title='bbox 759 810 880 854; x_wconf 90' lang='lat' dir='ltr'>nurum</span> <span class='ocrx_word' id='word_1_24' title='bbox 906 782 1135 872; x_wconf 86' lang='lat' dir='ltr'>relinquere¹;</span> 
     </span>
     <span class='ocr_line' id='line_1_5' title="bbox 187 888 1136 973; baseline 0.003 -25"><span class='ocrx_word' id='word_1_25' title='bbox 187 893 310 967; x_wconf 85' lang='lat' dir='ltr'>postca</span> <span class='ocrx_word' id='word_1_26' title='bbox 327 893 440 950; x_wconf 91' lang='lat' dir='ltr'>tamen</span> <span class='ocrx_word' id='word_1_27' title='bbox 457 890 530 970; x_wconf 84' lang='lat' dir='ltr'>regi</span> <span class='ocrx_word' id='word_1_28' title='bbox 545 890 744 971; x_wconf 84' lang='lat' dir='ltr'>praediotam</span> <span class='ocrx_word' id='word_1_29' title='bbox 761 889 954 973; x_wconf 83' lang='lat' dir='ltr'>reposcenti</span> <span class='ocrx_word' id='word_1_30' title='bbox 974 888 1136 966; x_wconf 83' lang='lat' dir='ltr'>restituit,</span> 
     </span>
     <span class='ocr_line' id='line_1_6' title="bbox 185 983 1137 1066; baseline 0.003 -18"><span class='ocrx_word' id='word_1_31' title='bbox 185 983 380 1066; x_wconf 83' lang='lat' dir='ltr'>liceteegre.</span> <span class='ocrx_word' id='word_1_32' title='bbox 433 986 604 1053; x_wconf 85' lang='lat' dir='ltr'>Cumhaec</span> <span class='ocrx_word' id='word_1_33' title='bbox 615 990 780 1054; x_wconf 91' lang='lat' dir='ltr'>oblivioni</span> <span class='ocrx_word' id='word_1_34' title='bbox 789 989 917 1053; x_wconf 87' lang='lat' dir='ltr'>tradita</span> <span class='ocrx_word' id='word_1_35' title='bbox 927 989 1137 1065; x_wconf 90' lang='lat' dir='ltr'>viderentur,</span> 
     </span>
     <span class='ocr_line' id='line_1_7' title="bbox 187 1083 1136 1172; baseline 0.005 -26"><span class='ocrx_word' id='word_1_36' title='bbox 187 1083 279 1147; x_wconf 90' lang='lat' dir='ltr'>inter</span> <span class='ocrx_word' id='word_1_37' title='bbox 312 1086 400 1150; x_wconf 91' lang='lat' dir='ltr'>alios</span> <span class='ocrx_word' id='word_1_38' title='bbox 433 1107 604 1169; x_wconf 86' lang='lat' dir='ltr'>proceres,</span> <span class='ocrx_word' id='word_1_39' title='bbox 642 1090 702 1172; x_wconf 94' lang='lat' dir='ltr'>qui</span> <span class='ocrx_word' id='word_1_40' title='bbox 730 1089 844 1154; x_wconf 90' lang='lat' dir='ltr'>edicto</span> <span class='ocrx_word' id='word_1_41' title='bbox 874 1088 1013 1171; x_wconf 88' lang='lat' dir='ltr'>publico</span> <span class='ocrx_word' id='word_1_42' title='bbox 1044 1088 1136 1170; x_wconf 91' lang='lat' dir='ltr'>apud</span> 
     </span>
     <span class='ocr_line' id='line_1_8' title="bbox 186 1184 1139 1271; baseline 0.004 -25"><span class='ocrx_word' id='word_1_43' title='bbox 186 1193 344 1247; x_wconf 86' lang='lat' dir='ltr'>sanctum</span> <span class='ocrx_word' id='word_1_44' title='bbox 361 1184 536 1250; x_wconf 87' lang='lat' dir='ltr'>Albanum</span> <span class='ocrx_word' id='word_1_45' title='bbox 550 1196 796 1266; x_wconf 90' lang='lat' dir='ltr'>convenerant,</span> <span class='ocrx_word' id='word_1_46' title='bbox 809 1188 971 1271; x_wconf 89' lang='lat' dir='ltr'>apparuit</span> <span class='ocrx_word' id='word_1_47' title='bbox 983 1188 1038 1251; x_wconf 91' lang='lat' dir='ltr'>hic</span> <span class='ocrx_word' id='word_1_48' title='bbox 1053 1187 1139 1252; x_wconf 90' lang='lat' dir='ltr'>Gal-</span> 
     </span>
     <span class='ocr_line' id='line_1_9' title="bbox 188 1282 1137 1369; baseline 0.005 -24"><span class='ocrx_word' id='word_1_49' title='bbox 188 1282 318 1364; x_wconf 88' lang='lat' dir='ltr'>fridus;</span> <span class='ocrx_word' id='word_1_50' title='bbox 357 1305 459 1367; x_wconf 88' lang='lat' dir='ltr'>quem</span> <span class='ocrx_word' id='word_1_51' title='bbox 491 1307 552 1350; x_wconf 91' lang='lat' dir='ltr'>rex</span> <span class='ocrx_word' id='word_1_52' title='bbox 580 1288 674 1351; x_wconf 90' lang='lat' dir='ltr'>illico</span> <span class='ocrx_word' id='word_1_53' title='bbox 699 1287 947 1369; x_wconf 85' lang='lat' dir='ltr'>indignationis</span> <span class='ocrx_word' id='word_1_54' title='bbox 968 1287 1052 1351; x_wconf 91' lang='lat' dir='ltr'>loris</span> <span class='ocrx_word' id='word_1_55' title='bbox 1076 1288 1137 1350; x_wconf 87' lang='lat' dir='ltr'>ad-</span> 
     </span>
     <span class='ocr_line' id='line_1_10' title="bbox 188 1383 1137 1469; baseline 0.004 -24"><span class='ocrx_word' id='word_1_56' title='bbox 188 1383 358 1462; x_wconf 90' lang='lat' dir='ltr'>strictum,</span> <span class='ocrx_word' id='word_1_57' title='bbox 385 1405 452 1449; x_wconf 90' lang='lat' dir='ltr'>non</span> <span class='ocrx_word' id='word_1_58' title='bbox 477 1394 557 1450; x_wconf 85' lang='lat' dir='ltr'>ante</span> <span class='ocrx_word' id='word_1_59' title='bbox 578 1386 708 1451; x_wconf 87' lang='lat' dir='ltr'>dimisit</span> <span class='ocrx_word' id='word_1_60' title='bbox 728 1388 886 1463; x_wconf 89' lang='lat' dir='ltr'>liberum,</span> <span class='ocrx_word' id='word_1_61' title='bbox 910 1405 1013 1469; x_wconf 90' lang='lat' dir='ltr'>quam</span> <span class='ocrx_word' id='word_1_62' title='bbox 1045 1385 1137 1449; x_wconf 87' lang='lat' dir='ltr'>Lon·</span> 
     </span>
     <span class='ocr_line' id='line_1_11' title="bbox 186 1481 1138 1570; baseline 0.004 -25"><span class='ocrx_word' id='word_1_63' title='bbox 186 1481 386 1548; x_wconf 76' lang='lat' dir='ltr'>tinniensem</span> <span class='ocrx_word' id='word_1_64' title='bbox 400 1491 540 1563; x_wconf 89' lang='lat' dir='ltr'>turrem,</span> <span class='ocrx_word' id='word_1_65' title='bbox 559 1487 777 1570; x_wconf 87' lang='lat' dir='ltr'>reliquasque</span> <span class='ocrx_word' id='word_1_66' title='bbox 792 1505 878 1569; x_wconf 89' lang='lat' dir='ltr'>quas</span> <span class='ocrx_word' id='word_1_67' title='bbox 895 1487 1007 1549; x_wconf 91' lang='lat' dir='ltr'>tenuit</span> <span class='ocrx_word' id='word_1_68' title='bbox 1027 1487 1138 1549; x_wconf 91' lang='lat' dir='ltr'>muni-</span> 
     </span>
     <span class='ocr_line' id='line_1_12' title="bbox 188 1578 1215 1669; baseline 0.002 -24"><span class='ocrx_word' id='word_1_69' title='bbox 188 1582 310 1659; x_wconf 87' lang='lat' dir='ltr'>tiones,</span> <span class='ocrx_word' id='word_1_70' title='bbox 358 1584 565 1650; x_wconf 89' lang='lat' dir='ltr'>satellitibus</span> <span class='ocrx_word' id='word_1_71' title='bbox 608 1587 713 1669; x_wconf 82' lang='lat' dir='ltr'>regiis</span> <span class='ocrx_word' id='word_1_72' title='bbox 755 1588 957 1668; x_wconf 83' lang='lat' dir='ltr'>resignaret.</span> <span class='ocrx_word' id='word_1_73' title='bbox 1035 1585 1139 1649; x_wconf 90' lang='lat' dir='ltr'>Liber</span> <span class='ocrx_word' id='word_1_74' title='bbox 1212 1578 1215 1583; x_wconf 68' lang='grc'><em>’</em></span> 
     </span>
     <span class='ocr_line' id='line_1_13' title="bbox 187 1684 1139 1769; baseline 0.003 -24"><span class='ocrx_word' id='word_1_75' title='bbox 187 1690 302 1747; x_wconf 87' lang='lat' dir='ltr'>autem</span> <span class='ocrx_word' id='word_1_76' title='bbox 331 1684 455 1763; x_wconf 85' lang='lat' dir='ltr'>factus,</span> <span class='ocrx_word' id='word_1_77' title='bbox 484 1686 640 1769; x_wconf 81' lang='lat' dir='ltr'>ingentia</span> <span class='ocrx_word' id='word_1_78' title='bbox 665 1687 811 1751; x_wconf 87' lang='lat' dir='ltr'>metiens</span> <span class='ocrx_word' id='word_1_79' title='bbox 838 1687 967 1762; x_wconf 90' lang='lat' dir='ltr'>animo,</span> <span class='ocrx_word' id='word_1_80' title='bbox 992 1685 1139 1749; x_wconf 88' lang='lat' dir='ltr'>collecta</span> 
     </span>
     <span class='ocr_line' id='line_1_14' title="bbox 186 1779 1138 1864; baseline 0.004 -20"><span class='ocrx_word' id='word_1_81' title='bbox 186 1781 417 1864; x_wconf 90' lang='lat' dir='ltr'>improborum</span> <span class='ocrx_word' id='word_1_82' title='bbox 440 1805 543 1850; x_wconf 87' lang='lat' dir='ltr'>manu</span> <span class='ocrx_word' id='word_1_83' title='bbox 566 1787 601 1848; x_wconf 93' lang='lat' dir='ltr'>in</span> <span class='ocrx_word' id='word_1_84' title='bbox 624 1787 869 1851; x_wconf 87' lang='lat' dir='ltr'>monasterium</span> <span class='ocrx_word' id='word_1_85' title='bbox 893 1779 1138 1850; x_wconf 82' lang='lat' dir='ltr'>²Ramesiense</span> 
     </span>
     <span class='ocr_line' id='line_1_15' title="bbox 188 1880 1139 1968; baseline 0.003 -24"><span class='ocrx_word' id='word_1_86' title='bbox 188 1880 339 1962; x_wconf 89' lang='lat' dir='ltr'>invasit;</span> <span class='ocrx_word' id='word_1_87' title='bbox 373 1893 420 1961; x_wconf 91' lang='lat' dir='ltr'>et,</span> <span class='ocrx_word' id='word_1_88' title='bbox 441 1886 596 1968; x_wconf 87' lang='lat' dir='ltr'>expulsis</span> <span class='ocrx_word' id='word_1_89' title='bbox 618 1886 807 1962; x_wconf 86' lang='lat' dir='ltr'>monachis,</span> <span class='ocrx_word' id='word_1_90' title='bbox 829 1886 872 1950; x_wconf 90' lang='lat' dir='ltr'>de</span> <span class='ocrx_word' id='word_1_91' title='bbox 898 1885 1044 1949; x_wconf 90' lang='lat' dir='ltr'>ecclesia</span> <span class='ocrx_word' id='word_1_92' title='bbox 1063 1904 1139 1948; x_wconf 86' lang='lat' dir='ltr'>cas-</span> 
     </span>
     <span class='ocr_line' id='line_1_16' title="bbox 188 1978 1139 2068; baseline 0.005 -25"><span class='ocrx_word' id='word_1_93' title='bbox 188 1987 278 2045; x_wconf 88' lang='lat' dir='ltr'>trum</span> <span class='ocrx_word' id='word_1_94' title='bbox 296 1978 576 2065; x_wconf 81' lang='lat' dir='ltr'>facicns,³primo</span> <span class='ocrx_word' id='word_1_95' title='bbox 595 1987 722 2050; x_wconf 86' lang='lat' dir='ltr'>crebris</span> <span class='ocrx_word' id='word_1_96' title='bbox 733 1986 981 2068; x_wconf 90' lang='lat' dir='ltr'>irruptionibus</span> <span class='ocrx_word' id='word_1_97' title='bbox 991 1985 1139 2048; x_wconf 84' lang='lat' dir='ltr'>vicinam</span> 
     </span>
     <span class='ocr_line' id='line_1_17' title="bbox 187 2078 1138 2163; baseline 0.006 -23"><span class='ocrx_word' id='word_1_98' title='bbox 187 2078 365 2144; x_wconf 80' lang='lat' dir='ltr'>infestavit</span> <span class='ocrx_word' id='word_1_99' title='bbox 380 2084 603 2163; x_wconf 91' lang='lat' dir='ltr'>provinciam,</span> <span class='ocrx_word' id='word_1_100' title='bbox 618 2102 660 2146; x_wconf 91' lang='lat' dir='ltr'>ac</span> <span class='ocrx_word' id='word_1_101' title='bbox 675 2105 720 2148; x_wconf 86' lang='lat' dir='ltr'>ex</span> <span class='ocrx_word' id='word_1_102' title='bbox 738 2103 899 2148; x_wconf 88' lang='lat' dir='ltr'>successu</span> <span class='ocrx_word' id='word_1_103' title='bbox 910 2085 1046 2146; x_wconf 89' lang='lat' dir='ltr'>demum</span> <span class='ocrx_word' id='word_1_104' title='bbox 1057 2103 1138 2146; x_wconf 91' lang='lat' dir='ltr'>con-</span> 
     </span>
     <span class='ocr_line' id='line_1_18' title="bbox 188 2179 1138 2263; baseline 0.004 -22"><span class='ocrx_word' id='word_1_105' title='bbox 188 2186 291 2260; x_wconf 84' lang='lat' dir='ltr'>cepta</span> <span class='ocrx_word' id='word_1_106' title='bbox 312 2179 437 2244; x_wconf 88' lang='lat' dir='ltr'>fiducia</span> <span class='ocrx_word' id='word_1_107' title='bbox 460 2182 681 2262; x_wconf 87' lang='lat' dir='ltr'>progrediens</span> <span class='ocrx_word' id='word_1_108' title='bbox 705 2182 855 2262; x_wconf 81' lang='lat' dir='ltr'>longius,</span> <span class='ocrx_word' id='word_1_109' title='bbox 882 2200 997 2262; x_wconf 88' lang='lat' dir='ltr'>regem</span> <span class='ocrx_word' id='word_1_110' title='bbox 1024 2182 1138 2263; x_wconf 91' lang='lat' dir='ltr'>ipsum</span> 
     </span>
     <span class='ocr_line' id='line_1_19' title="bbox 187 2273 1141 2353; baseline 0.001 -12"><span class='ocrx_word' id='word_1_111' title='bbox 187 2279 368 2353; x_wconf 85' lang='lat' dir='ltr'>exterruit,</span> <span class='ocrx_word' id='word_1_112' title='bbox 386 2286 424 2341; x_wconf 89' lang='lat' dir='ltr'>et</span> <span class='ocrx_word' id='word_1_113' title='bbox 446 2279 622 2342; x_wconf 86' lang='lat' dir='ltr'>acerrimis</span> <span class='ocrx_word' id='word_1_114' title='bbox 638 2273 855 2343; x_wconf 82' lang='lat' dir='ltr'>⁴insultando</span> <span class='ocrx_word' id='word_1_115' title='bbox 878 2280 1141 2343; x_wconf 85' lang='lat' dir='ltr'>excursionibus</span> 
     </span>
     <span class='ocr_line' id='line_1_20' title="bbox 186 2376 359 2458; baseline 0 -18"><span class='ocrx_word' id='word_1_116' title='bbox 186 2376 359 2458; x_wconf 82' lang='lat' dir='ltr'>fatigavit.</span> 
     </span>
    </p>

    <p class='ocr_par' dir='ltr' id='par_1_3' title="bbox 187 2476 1152 3043">
     <span class='ocr_line' id='line_1_21' title="bbox 239 2476 1152 2560; baseline 0.002 -20"><span class='ocrx_word' id='word_1_117' title='bbox 239 2476 318 2542; x_wconf 82' lang='lat' dir='ltr'>Rex</span> <span class='ocrx_word' id='word_1_118' title='bbox 345 2480 570 2557; x_wconf 86' lang='lat' dir='ltr'>Francorum,</span> <span class='ocrx_word' id='word_1_119' title='bbox 603 2488 723 2543; x_wconf 87' lang='lat' dir='ltr'>contra</span> <span class='ocrx_word' id='word_1_120' title='bbox 750 2479 909 2542; x_wconf 90' lang='lat' dir='ltr'>comitem</span> <span class='ocrx_word' id='word_1_121' title='bbox 938 2478 1152 2560; x_wconf 75' lang='lat' dir='ltr'>Campaniae</span> 
     </span>
     <span class='ocr_line' id='line_1_22' title="bbox 188 2573 1138 2659; baseline -0.001 -17"><span class='ocrx_word' id='word_1_122' title='bbox 188 2578 425 2643; x_wconf 84' lang='lat' dir='ltr'>Theobaldum</span> <span class='ocrx_word' id='word_1_123' title='bbox 440 2578 568 2642; x_wconf 87' lang='lat' dir='ltr'>ducens</span> <span class='ocrx_word' id='word_1_124' title='bbox 585 2578 787 2653; x_wconf 84' lang='lat' dir='ltr'>exercitum,</span> <span class='ocrx_word' id='word_1_125' title='bbox 803 2573 1013 2642; x_wconf 76' lang='lat' dir='ltr'>⁵Vitriacum</span> <span class='ocrx_word' id='word_1_126' title='bbox 1029 2577 1138 2659; x_wconf 79' lang='lat' dir='ltr'>cepit3</span> 
     </span>
     <span class='ocr_line' id='line_1_23' title="bbox 187 2678 1139 2761; baseline 0.001 -20"><span class='ocrx_word' id='word_1_127' title='bbox 187 2678 288 2761; x_wconf 88' lang='lat' dir='ltr'>cujus</span> <span class='ocrx_word' id='word_1_128' title='bbox 304 2697 470 2743; x_wconf 89' lang='lat' dir='ltr'>succensa</span> <span class='ocrx_word' id='word_1_129' title='bbox 484 2678 641 2754; x_wconf 87' lang='lat' dir='ltr'>ecclesia,</span> <span class='ocrx_word' id='word_1_130' title='bbox 658 2678 798 2761; x_wconf 90' lang='lat' dir='ltr'>plurimi</span> <span class='ocrx_word' id='word_1_131' title='bbox 822 2679 857 2741; x_wconf 90' lang='lat' dir='ltr'>in</span> <span class='ocrx_word' id='word_1_132' title='bbox 883 2697 926 2741; x_wconf 92' lang='lat' dir='ltr'>ea</span> <span class='ocrx_word' id='word_1_133' title='bbox 945 2679 1139 2760; x_wconf 85' lang='lat' dir='ltr'>consumpti</span> 
     </span>
     <span class='ocr_line' id='line_1_24' title="bbox 187 2777 1139 2860; baseline 0.001 -20"><span class='ocrx_word' id='word_1_134' title='bbox 187 2785 269 2841; x_wconf 89' lang='lat' dir='ltr'>sunt</span> <span class='ocrx_word' id='word_1_135' title='bbox 282 2779 371 2860; x_wconf 84' lang='lat' dir='ltr'>igne.</span> <span class='ocrx_word' id='word_1_136' title='bbox 426 2777 505 2842; x_wconf 85' lang='lat' dir='ltr'>Rex</span> <span class='ocrx_word' id='word_1_137' title='bbox 527 2787 641 2842; x_wconf 86' lang='lat' dir='ltr'>autem</span> <span class='ocrx_word' id='word_1_138' title='bbox 666 2786 818 2842; x_wconf 87' lang='lat' dir='ltr'>castrum</span> <span class='ocrx_word' id='word_1_139' title='bbox 842 2777 926 2840; x_wconf 92' lang='lat' dir='ltr'>illud</span> <span class='ocrx_word' id='word_1_140' title='bbox 947 2777 1064 2859; x_wconf 89' lang='lat' dir='ltr'>nepoti</span> <span class='ocrx_word' id='word_1_141' title='bbox 1080 2797 1139 2841; x_wconf 89' lang='lat' dir='ltr'>co-</span> 
     </span>
     <span class='ocr_line' id='line_1_25' title="bbox 187 2877 1140 2961; baseline -0.002 -20"><span class='ocrx_word' id='word_1_142' title='bbox 187 2877 295 2955; x_wconf 90' lang='lat' dir='ltr'>mitis,</span> <span class='ocrx_word' id='word_1_143' title='bbox 309 2898 409 2961; x_wconf 90' lang='lat' dir='ltr'>quem</span> <span class='ocrx_word' id='word_1_144' title='bbox 429 2887 573 2960; x_wconf 87' lang='lat' dir='ltr'>patruus</span> <span class='ocrx_word' id='word_1_145' title='bbox 595 2878 683 2943; x_wconf 88' lang='lat' dir='ltr'>alias</span> <span class='ocrx_word' id='word_1_146' title='bbox 704 2878 911 2960; x_wconf 89' lang='lat' dir='ltr'>patrimonio</span> <span class='ocrx_word' id='word_1_147' title='bbox 928 2877 1140 2959; x_wconf 87' lang='lat' dir='ltr'>privaverat,</span> 
     </span>
     <span class='ocr_line' id='line_1_26' title="bbox 187 2978 345 3043; baseline 0.013 -2"><span class='ocrx_word' id='word_1_148' title='bbox 187 2978 345 3043; x_wconf 90' lang='lat' dir='ltr'>contulit.</span> 
     </span>
    </p>

    <p class='ocr_par' dir='ltr' id='par_1_4' title="bbox 187 3076 1297 3657">
     <span class='ocr_line' id='line_1_27' title="bbox 240 3076 1297 3175; baseline 0 -35"><span class='ocrx_word' id='word_1_149' title='bbox 240 3077 444 3141; x_wconf 88' lang='lat' dir='ltr'>Innocentio</span> <span class='ocrx_word' id='word_1_150' title='bbox 473 3096 566 3160; x_wconf 88' lang='lat' dir='ltr'>papa</span> <span class='ocrx_word' id='word_1_151' title='bbox 598 3078 662 3141; x_wconf 91' lang='lat' dir='ltr'>hoc</span> <span class='ocrx_word' id='word_1_152' title='bbox 693 3097 785 3141; x_wconf 89' lang='lat' dir='ltr'>anno</span> <span class='ocrx_word' id='word_1_153' title='bbox 815 3076 989 3153; x_wconf 81' lang='lat' dir='ltr'>defuncto,</span> <span class='ocrx_word' id='word_1_154' title='bbox 1023 3077 1297 3175; x_wconf 49' lang='lat' dir='ltr'>sepul-{wln-</span> 
     </span>
     <span class='ocr_line' id='line_1_28' title="bbox 188 3176 1141 3259; baseline -0.001 -18"><span class='ocrx_word' id='word_1_155' title='bbox 188 3186 295 3259; x_wconf 90' lang='lat' dir='ltr'>toque</span> <span class='ocrx_word' id='word_1_156' title='bbox 321 3177 357 3238; x_wconf 94' lang='lat' dir='ltr'>in</span> <span class='ocrx_word' id='word_1_157' title='bbox 387 3176 533 3240; x_wconf 88' lang='lat' dir='ltr'>ecclesia</span> <span class='ocrx_word' id='word_1_158' title='bbox 563 3176 800 3252; x_wconf 85' lang='lat' dir='ltr'>Lateranensi,</span> <span class='ocrx_word' id='word_1_159' title='bbox 834 3177 869 3238; x_wconf 91' lang='lat' dir='ltr'>in</span> <span class='ocrx_word' id='word_1_160' title='bbox 900 3176 1031 3240; x_wconf 91' lang='lat' dir='ltr'>concha</span> <span class='ocrx_word' id='word_1_161' title='bbox 1062 3195 1141 3258; x_wconf 89' lang='lat' dir='ltr'>por-</span> 
     </span>
     <span class='ocr_line' id='line_1_29' title="bbox 187 3274 1142 3360; baseline 0.001 -22"><span class='ocrx_word' id='word_1_162' title='bbox 187 3276 342 3360; x_wconf 85' lang='lat' dir='ltr'>phyrica,</span> <span class='ocrx_word' id='word_1_163' title='bbox 358 3294 462 3357; x_wconf 89' lang='lat' dir='ltr'>opere</span> <span class='ocrx_word' id='word_1_164' title='bbox 479 3277 565 3338; x_wconf 90' lang='lat' dir='ltr'>miro</span> <span class='ocrx_word' id='word_1_165' title='bbox 580 3277 727 3358; x_wconf 88' lang='lat' dir='ltr'>sculpta,</span> <span class='ocrx_word' id='word_1_166' title='bbox 743 3274 953 3339; x_wconf 87' lang='lat' dir='ltr'>Coelcstinus</span> <span class='ocrx_word' id='word_1_167' title='bbox 970 3276 1142 3339; x_wconf 89' lang='lat' dir='ltr'>secundus</span> 
     </span>
     <span class='ocr_line' id='line_1_30' title="bbox 188 3372 1143 3456; baseline -0.005 -16"><span class='ocrx_word' id='word_1_168' title='bbox 188 3375 367 3452; x_wconf 89' lang='lat' dir='ltr'>successit,</span> <span class='ocrx_word' id='word_1_169' title='bbox 393 3375 452 3456; x_wconf 91' lang='lat' dir='ltr'>qui</span> <span class='ocrx_word' id='word_1_170' title='bbox 475 3394 590 3455; x_wconf 86' lang='lat' dir='ltr'>regem</span> <span class='ocrx_word' id='word_1_171' title='bbox 614 3374 825 3438; x_wconf 86' lang='lat' dir='ltr'>Lodovicum</span> <span class='ocrx_word' id='word_1_172' title='bbox 849 3372 892 3436; x_wconf 86' lang='lat' dir='ltr'>ad</span> <span class='ocrx_word' id='word_1_173' title='bbox 918 3391 1036 3454; x_wconf 86' lang='lat' dir='ltr'>pacem</span> <span class='ocrx_word' id='word_1_174' title='bbox 1060 3392 1143 3436; x_wconf 92' lang='lat' dir='ltr'>con·</span> 
     </span>
     <span class='ocr_line' id='line_1_31' title="bbox 188 3472 1142 3557; baseline -0.006 -17"><span class='ocrx_word' id='word_1_175' title='bbox 188 3475 410 3557; x_wconf 88' lang='lat' dir='ltr'>cordiamque</span> <span class='ocrx_word' id='word_1_176' title='bbox 446 3474 592 3538; x_wconf 85' lang='lat' dir='ltr'>reduxit.</span> <span class='ocrx_word' id='word_1_177' title='bbox 660 3474 782 3550; x_wconf 90' lang='lat' dir='ltr'>Fulco,</span> <span class='ocrx_word' id='word_1_178' title='bbox 812 3491 874 3535; x_wconf 86' lang='lat' dir='ltr'>rex</span> <span class='ocrx_word' id='word_1_179' title='bbox 909 3472 1142 3550; x_wconf 84' lang='lat' dir='ltr'>Hierusalem,</span> 
     </span>
     <span class='ocr_line' id='line_1_32' title="bbox 190 3571 1144 3657; baseline -0.008 -17"><span class='ocrx_word' id='word_1_180' title='bbox 190 3574 349 3640; x_wconf 85' lang='lat' dir='ltr'>venando</span> <span class='ocrx_word' id='word_1_181' title='bbox 369 3594 458 3657; x_wconf 85' lang='lat' dir='ltr'>equo</span> <span class='ocrx_word' id='word_1_182' title='bbox 477 3574 596 3656; x_wconf 90' lang='lat' dir='ltr'>lapsus</span> <span class='ocrx_word' id='word_1_183' title='bbox 615 3573 757 3650; x_wconf 88' lang='lat' dir='ltr'>interiit,</span> <span class='ocrx_word' id='word_1_184' title='bbox 782 3572 838 3636; x_wconf 91' lang='lat' dir='ltr'>cui</span> <span class='ocrx_word' id='word_1_185' title='bbox 859 3571 950 3635; x_wconf 89' lang='lat' dir='ltr'>filius</span> <span class='ocrx_word' id='word_1_186' title='bbox 967 3571 1043 3656; x_wconf 89' lang='lat' dir='ltr'>ejus</span> <span class='ocrx_word' id='word_1_187' title='bbox 1061 3572 1144 3635; x_wconf 80' lang='lat' dir='ltr'>Bal·</span> 
     </span>
    </p>
   </div>
   <div class='ocr_carea' id='block_1_3' title="bbox 190 3674 539 3739">
    <p class='ocr_par' dir='ltr' id='par_1_5' title="bbox 190 3674 539 3739">
     <span class='ocr_line' id='line_1_33' title="bbox 190 3674 539 3739; baseline -0.006 0"><span class='ocrx_word' id='word_1_188' title='bbox 190 3675 346 3739; x_wconf 87' lang='lat' dir='ltr'>dewinus</span> <span class='ocrx_word' id='word_1_189' title='bbox 361 3674 539 3737; x_wconf 90' lang='lat' dir='ltr'>successit.</span> 
     </span>
    </p>
   </div>
   <div class='ocr_carea' id='block_1_4' title="bbox 189 3885 1144 4164">
    <p class='ocr_par' dir='ltr' id='par_1_6' title="bbox 189 3885 1144 4164">
     <span class='ocr_line' id='line_1_34' title="bbox 228 3885 966 3953; baseline -0.009 -9"><span class='ocrx_word' id='word_1_190' title='bbox 228 3893 336 3943; x_wconf 74' lang='lat' dir='ltr'>¹‘aliter</span> <span class='ocrx_word' id='word_1_191' title='bbox 356 3907 405 3940; x_wconf 90' lang='lat' dir='ltr'>non</span> <span class='ocrx_word' id='word_1_192' title='bbox 422 3891 545 3953; x_wconf 82' lang='lat' dir='ltr'>permissa</span> <span class='ocrx_word' id='word_1_193' title='bbox 560 3885 652 3949; x_wconf 59' lang='lat' dir='ltr'>abire?</span> <span class='ocrx_word' id='word_1_194' title='bbox 715 3887 888 3938; x_wconf 72' lang='lat' dir='ltr'>“insultibus</span> <span class='ocrx_word' id='word_1_195' title='bbox 899 3885 915 3951; x_wconf 68' lang='grc' dir='ltr'>ς’</span> <span class='ocrx_word' id='word_1_196' title='bbox 927 3889 966 3937; x_wconf 88' lang='lat' dir='ltr'>M.</span> 
     </span>
     <span class='ocr_line' id='line_1_35' title="bbox 189 3965 1144 4092; baseline -0.007 -11"><span class='ocrx_word' id='word_1_197' title='bbox 189 3965 236 4060; x_wconf 61' lang='lat' dir='ltr'>M.¹</span> <span class='ocrx_word' id='word_1_198' title='bbox 247 4032 441 4081; x_wconf 81' lang='lat' dir='ltr'>‘Rhemesiense</span> <span class='ocrx_word' id='word_1_199' title='bbox 452 4026 465 4092; x_wconf 87' lang='lat'>;&#39;</span> <span class='ocrx_word' id='word_1_200' title='bbox 484 4032 522 4080; x_wconf 87' lang='lat' dir='ltr'>M.</span> <span class='ocrx_word' id='word_1_201' title='bbox 715 4024 726 4056; x_wconf 81' lang='lat'>⁵</span> <span class='ocrx_word' id='word_1_202' title='bbox 746 4013 887 4078; x_wconf 80' lang='lat' dir='ltr'>vitriacum</span> <span class='ocrx_word' id='word_1_203' title='bbox 906 4028 1056 4078; x_wconf 83' lang='lat' dir='ltr'>‘castellum</span> <span class='ocrx_word' id='word_1_204' title='bbox 1072 4022 1087 4088; x_wconf 85' lang='lat'>;’</span> <span class='ocrx_word' id='word_1_205' title='bbox 1105 4027 1144 4075; x_wconf 88' lang='lat' dir='ltr'>M.</span> 
     </span>
     <span class='ocr_line' id='line_1_36' title="bbox 226 4093 895 4164; baseline -0.009 -12"><span class='ocrx_word' id='word_1_206' title='bbox 226 4096 429 4164; x_wconf 75' lang='lat' dir='ltr'>⁸‘percrebris3’</span> <span class='ocrx_word' id='word_1_207' title='bbox 447 4096 516 4151; x_wconf 83' lang='lat' dir='ltr'><em>D‘A.</em></span> <span class='ocrx_word' id='word_1_208' title='bbox 681 4100 809 4148; x_wconf 81' lang='lat' dir='ltr'>‘castrum</span> <span class='ocrx_word' id='word_1_209' title='bbox 822 4093 836 4158; x_wconf 88' lang='lat'>;&#39;</span> <span class='ocrx_word' id='word_1_210' title='bbox 848 4097 895 4147; x_wconf 79' lang='lat' dir='ltr'>Ar.</span> 
     </span>
    </p>
   </div>
   <div class='ocr_carea' id='block_1_5' title="bbox 0 0 1477 4950">
    <p class='ocr_par' dir='ltr' id='par_1_7' title="bbox 0 0 1477 4950">
     <span class='ocr_line' id='line_1_37' title="bbox 0 0 1477 4950; baseline 0 0"><span class='ocrx_word' id='word_1_211' title='bbox 0 0 1477 4950; x_wconf 95' lang='lat' dir='ltr'> </span> 
     </span>
    </p>
   </div>
  </div>
 </body>
</html>
