2940 4950
174 1666 231 1706 John
240 1664 295 1704 tom

175 1717 209 1755 hir
219 1716 300 1755 French

175 1766 312 1816 possessioni.

182 3955 217 3994 He
225 3952 313 3993 marries

183 4005 273 4044 liabens
282 4003 305 4042 oi

184 4053 324 4103 Angoultme.

333 447 399 511 166
694 460 932 509 nrornrvnrr

335 622 407 685 suis
424 620 562 684 sedibus
579 619 791 683 exturbavit.
844 617 1092 699 Ingeiburgem
1115 618 1224 683 etiam
1247 640 1299 683 re·

336 723 464 803 giuam,
491 739 635 783 uxorem
663 737 763 781 suam
793 711 1012 798 ¹legitimam.
1040 718 1077 780 in
1106 728 1224 783 castro
1255 719 1299 784 de

336 822 495 903 Stampes
513 819 661 883 reclusit.
714 817 845 881 Eodem
868 818 974 880 etiam
989 835 1094 894 anno,
1114 819 1161 881 ab
1182 819 1297 882 omni·

335 922 399 983 bus
416 920 610 983 hominibus
627 918 724 1000 regni
741 918 795 980 sui
817 917 955 980 tertiam
974 926 1110 998 partem
1124 919 1296 982 bonorum

336 1021 481 1101 accepit,
512 1027 547 1082 et
574 1038 595 1082 a
624 1018 853 1100 burgensibus
884 1018 1087 1080 exactiones
1116 1024 1153 1081 ct
1178 1018 1297 1083 tallias

335 1121 489 1183 insuetas
505 1119 662 1182 extorsit.

364 1354 493 1390 n.n.r.c.
597 1349 834 1385 nuournonuun.
934 1347 1107 1409 miuooauu'
1128 1349 1271 1386 auctoru!
1348 1340 1353 1346 '

403 1414 508 1475 nco*
531 1438 675 1474 insocnnru
687 1437 726 1472 111.
751 1436 903 1472 cruorum.

618 1500 643 1544 2.
817 1498 841 1542 2.

388 1650 556 1714 JOANNES
588 1670 650 1713 rex
677 1649 802 1712 iterum
831 1650 867 1712 in
902 1647 1153 1714 Normanniam
1184 1661 1296 1719 trans

338 1750 455 1826 fretat,
472 1751 560 1813 inter
579 1769 679 1832 quem
699 1756 734 1812 et
749 1767 865 1830 regom
884 1748 1098 1813 Francorum
1115 1752 1150 1814 in
1163 1751 1297 1818 Ascen-

338 1851 433 1913 sionc
457 1849 612 1924 Domui,
635 1849 727 1912 iuter
742 1847 940 1912 Vemonem
957 1855 993 1913 et
1009 1849 1159 1914 insulam
1178 1850 1296 1917 Ande·

338 1950 430 2025 liaci,
453 1949 487 2011 in
505 1949 702 2031 subscripta
717 1948 828 2012 forma
850 1967 921 2030 pax
938 1956 974 2012 et
988 1950 1175 2014 concordia
1192 1952 1296 2016 refor-

339 2058 505 2112 mantur:
542 2049 712 2111 restitutis
738 2068 860 2130 nempe
887 2048 960 2128 regi
985 2046 1125 2131 Angiiae
1154 2051 1297 2117 civitate

340 2149 488 2211 Ebroica
510 2167 588 2210 cum
616 2155 690 2211 toto
720 2149 899 2224 comitatu,
930 2148 1096 2226 castellis,
1131 2153 1234 2233 pagis
1263 2161 1297 2217 et

338 2249 488 2330 praediiS,
523 2268 601 2330 quoe
630 2268 693 2310 rex
721 2248 934 2310 Francorum
962 2259 1196 2330 occupaverat
1223 2253 1297 2316 vio·

340 2348 470 2426 lenter3
498 2348 723 2430 praestitoque
740 2367 762 2411 a
779 2367 860 2428 roge
878 2344 1017 2427 Angliae
1040 2348 1204 2431 homagio
1224 2353 1298 2434 regi

341 2448 567 2525 Francorum,
585 2455 620 2510 et
635 2447 744 2510 eidcm
763 2446 928 2510 fidoiitate
947 2447 1080 2529 jurata,
1099 2447 1297 2515 Lodovicus

340 2549 432 2628 regis
455 2548 665 2611 Francorum
689 2546 940 2628 primogenitus
962 2547 1111 2610 nobilem
1133 2551 1295 2631 puellam,

341 2647 508 2710 Blaucam
549 2647 698 2722 nomino,
739 2640 957 2709 ²Hildofousi
997 2648 1089 2728 regis
1133 2646 1297 2715 castellae

341 2746 459 2821 filiam,
483 2747 573 2827 regis
591 2747 728 2826 Angliae
754 2767 799 2810 ex
822 2765 939 2809 sorore
958 2744 1126 2811 Alienora
1146 2759 1298 2832 neptem,

341 2848 474 2928 accepit
514 2866 670 2909 uxorem.
724 2845 790 2910 Cui
829 2867 892 2909 rex
929 2845 1085 2910 Joannes
1127 2853 1300 2916 concessit

341 2966 460 3009 omnes
476 2947 684 3009 munitiones
708 2956 742 3010 et
763 2945 1008 3027 possessiones,
1033 2964 1055 3009 a
1079 2966 1160 3028 rege
1188 2949 1299 3014 Fran-

341 3066 458 3109 corum
495 3046 560 3107 sibi
593 3047 727 3108 noviter
761 3047 967 3109 restitutas:
1007 3066 1162 3110 annuens
1195 3051 1299 3114 etiam

342 3146 450 3208 eidem
466 3164 584 3209 omncs
602 3153 713 3208 terras
729 3165 823 3221 suas,
848 3165 936 3228 quas
956 3145 991 3208 in
1015 3166 1123 3228 regno
1140 3147 1298 3215 Francice

343 3245 494 3320 tenebat,
518 3253 597 3326 post
619 3246 797 3308 decessum
821 3265 934 3321 suum,
962 3246 991 3308 si
1018 3247 1150 3329 absque
1173 3248 1299 3314 herede

343 3346 384 3407 de
402 3364 545 3427 corpore
570 3365 634 3407 suo
660 3346 876 3426 contingeret
897 3365 973 3408 enm
997 3347 1095 3411 mori.
1144 3347 1300 3414 Firmata

341 3444 431 3507 inter
454 3464 551 3525 reges
577 3464 663 3526 pace
689 3453 793 3527 atque
813 3444 1008 3522 concordia,
1029 3440 1219 3511 ³Arthnrus
1241 3469 1299 3513 co-

342 3564 413 3607 mes
432 3545 622 3608 Britanniae
638 3552 762 3626 patruo
777 3565 841 3609 suo
856 3544 880 3608 J
883 3546 986 3608 oanni
1000 3545 1082 3609 sccit
1099 3545 1298 3630 homagium

342 3664 405 3726 pro
429 3647 594 3708 comitatu
625 3645 829 3721 Britanniae,
857 3646 915 3726 qui
939 3652 1074 3727 spectat
1094 3645 1137 3709 ad
1160 3646 1299 3713 feodum

343 3744 489 3808 ducatus
509 3745 745 3821 Normanniae,
764 3752 799 3807 et
816 3745 893 3808 aliis
911 3746 1011 3808 terris
1029 3746 1113 3823 snio,
1137 3767 1226 3830 quas
1245 3749 1299 3812 vel

343 3846 378 3906 in
411 3842 542 3925 Anglia
572 3846 627 3908 vel
666 3845 701 3908 in
737 3844 937 3926 Aquitaniae
974 3845 1102 3910 ducatu
1138 3846 1299 3912 habebat.

345 3943 475 4007 Eodem
506 3964 596 4008 anno
621 3946 777 4009 Joanues
800 3965 861 4008 rex
887 3965 1031 4009 uxorem
1059 3946 1195 4029 accepit
1223 3948 1300 4012 Isa-

381 4162 807 4230 ¹‘legitimam'iswuntinginD'A.
870 4164 1034 4230 ”maumas
1050 4170 1301 4236 cranegturougn

379 4235 505 4288 9Αἰῑοιιεο
518 4240 568 4287 111.
581 4239 611 4287 oi
620 4239 725 4288 Castile.
834 4244 887 4287 out.
