2948 4942
394 425 461 490 392
750 443 822 492 κιο.
839 443 987 491 rnrvnrr

238 607 345 702 mptpg'·
400 597 553 682 ejusdem
576 598 674 679 regni
703 599 914 676 civitatibus,
941 599 1045 676 villis,
1071 597 1208 674 castris,
1236 594 1351 659 muni·

237 674 344 765 {fillone-
401 699 562 774 tionibus,
595 718 636 762 ac
677 699 800 762 ceteris
829 699 916 762 locis
947 698 1106 761 omnibus
1143 697 1188 760 ad
1218 695 1350 759 dictum

400 817 543 877 regnum
566 799 815 879 spectantibus,
833 795 995 861 officiales
1017 804 1154 861 nostros
1177 803 1213 859 et
1232 795 1352 858 minis-

401 904 473 960 tros
502 897 547 960 ad
574 897 725 978 regimen
756 897 909 980 ejusdem
945 897 1042 978 regni
1074 895 1201 961 Scotiee
1230 891 1352 977 praele-

401 995 511 1059 cimus
529 995 609 1078 jure
636 1004 765 1060 nostro.
811 995 968 1078 Cumque
985 995 1066 1079 jure
1085 989 1092 1026 ¹
1099 995 1191 1077 pleni
1207 992 1351 1056 dominii

401 1094 437 1158 in
459 1094 678 1177 possessione
699 1095 852 1177 ejusdem
875 1095 974 1176 regni
996 1095 1145 1158 existere
1168 1093 1351 1174 dignosca-

402 1213 491 1271 mur,
510 1214 579 1258 non
602 1214 797 1276 possumus,
820 1214 883 1258 nec
903 1195 1079 1270 debemus,
1096 1194 1180 1276 quin
1198 1191 1352 1256 insolen-

402 1293 487 1356 tiam
517 1293 733 1358 subditorum
761 1302 957 1358 nostrorum
983 1292 1173 1367 rebellium,
1198 1292 1229 1354 si
1261 1309 1351 1373 quos

401 1392 644 1471 invenerimus,
672 1394 931 1475 praeeminentia
969 1392 1077 1475 regia,
1107 1401 1211 1475 prout
1243 1406 1352 1471 expe·

402 1490 475 1555 dire
492 1491 687 1569 viderimus,
700 1494 935 1575 reprimamus.

448 1588 567 1668 ‘Quia
585 1611 666 1654 vero
688 1611 732 1654 ex
747 1592 934 1674 praemissis
956 1600 992 1656 et
1013 1590 1103 1666 aliis,
1129 1595 1267 1653 constat
1281 1586 1351 1651 evi-

402 1687 535 1765 denter,
568 1697 604 1753 et
638 1692 811 1755 notorium
844 1692 976 1768 existit,
1011 1689 1101 1773 quod
1131 1688 1351 1772 praelibatum

402 1807 545 1867 regnum
576 1788 704 1854 Scotiae
730 1797 800 1855 tam
829 1792 963 1855 ratione
991 1788 1217 1872 possessionis
1245 1805 1349 1869 quum

400 1888 623 1968 proprietatis
640 1889 683 1952 ad
703 1910 768 1955 nos
784 1890 932 1973 pertinet
952 1889 1054 1973 pleno
1063 1888 1155 1972 jure,
1171 1906 1234 1950 nec
1256 1887 1351 1968 quic-

403 2005 506 2067 quam
530 1987 710 2052 fecerimus
727 1990 781 2054 vel
805 1990 997 2053 caverimns
1019 1986 1148 2070 scripto
1171 1986 1226 2049 vel
1244 1986 1351 2062 facto,

402 2086 505 2151 sicuti
532 2107 595 2153 nec
617 2108 809 2171 possemus,
834 2109 895 2171 per
921 2088 1011 2171 quod
1030 2087 1103 2171 juri
1125 2092 1187 2149 aut
1212 2104 1352 2167 posses·

402 2185 491 2250 sioni
505 2187 679 2269 praedictis
697 2189 821 2254 debeat
833 2182 1048 2270 ²aliqualiter
1065 2185 1236 2267 derogari,
1252 2203 1351 2248 sanc-

403 2285 496 2349 titati
529 2294 654 2350 vestrae
685 2287 859 2352 humiliter
896 2286 1144 2370 supplicamus,
1178 2291 1351 2366 quatenus

404 2385 580 2467 praemissa
598 2387 742 2470 provida
760 2386 984 2451 meditatione
1006 2393 1202 2468 pensantes,
1219 2403 1265 2447 ex
1280 2382 1351 2447 illis

404 2491 556 2547 vestrum
572 2495 703 2551 motum
726 2487 831 2551 animi
855 2484 1042 2568 dignemini
1056 2484 1253 2560 informare,
1267 2502 1351 2565 sug·

403 2585 616 2662 gestionibus
640 2588 821 2651 contrariis
843 2585 1090 2650 malevolorum
1112 2584 1147 2646 in
1172 2582 1238 2646 hac
1252 2590 1352 2664 parte

402 2681 501 2744 fidem
527 2703 743 2766 nequaqnam
765 2685 969 2761 adhibendo,
989 2685 1072 2766 quin
1092 2684 1197 2747 immo
1217 2690 1349 2746 statum

403 2789 558 2845 nostrum
583 2792 618 2845 et
635 2783 718 2866 jura
743 2793 863 2848 nostra
883 2785 980 2865 regia
1001 2783 1201 2867 supradicta
1223 2781 1352 2846 habere

402 2878 529 2955 velitis,
560 2881 589 2943 si
620 2883 747 2964 placet,
765 2877 952 2967 ³promptis
979 2882 1157 2948 affectibus
1176 2901 1350 2946 commen-

401 2972 522 3042 data.'⁴

453 3075 630 3155 Quantum
664 3100 746 3145 vero
777 3082 821 3146 ad
856 3084 932 3159 hoc,
966 3082 1056 3166 qnod
1089 3081 1213 3164 petivit
1244 3100 1351 3165 papa,

403 3176 547 3257 quodsi
573 3199 635 3243 rex
662 3178 801 3261 Angliae
820 3181 880 3264 jus
907 3182 1048 3247 baberet
1071 3181 1107 3244 in
1130 3200 1238 3262 regno
1264 3180 1350 3246 Sco-

402 3275 473 3352 tiae,
498 3278 553 3341 vel
575 3280 611 3342 in
642 3279 759 3360 aliqua
790 3280 866 3363 ejus
900 3289 1011 3363 parte,
1039 3287 1282 3363 procuratores
1315 3289 1352 3345 et

401 3374 590 3441 instructos
614 3379 777 3455 mitteret,
802 3388 837 3444 et
858 3380 956 3444 fieret
979 3380 1011 3443 ei
1027 3379 1174 3463 justitiae
1196 3380 1350 3462 comple·

402 3482 565 3551 mentum,
590 3497 652 3541 rex
679 3497 739 3559 per
763 3498 801 3542 se
822 3480 933 3543 noluit
951 3478 1181 3562 respondere3
1204 3479 1266 3541 sed
1284 3479 1351 3543 hoc

400 3575 571 3639 commisit
601 3578 794 3655 comitibus,
824 3578 969 3660 aliisque
1001 3588 1102 3642 terrae
1137 3578 1349 3659 proceribus,

400 3673 459 3754 qui
486 3692 590 3755 snper
618 3676 682 3739 hoc
709 3677 847 3742 domino
877 3698 977 3761 papae
1004 3677 1108 3761 hujus
1134 3677 1263 3742 tenoris
1292 3677 1348 3742 lit-

400 3780 492 3834 teras
511 3775 779 3856 rescripserunt:

443 3870 596 3937 ‘Sancta
615 3874 775 3938 Romana
791 3884 901 3940 mater
922 3876 1069 3941 ecclesia
1083 3896 1145 3958 per
1166 3876 1267 3960 cujus
1286 3877 1351 3940 mi·
1377 3963 1381 3971 Ι

433 4037 444 4137 2
458 4038 672 4163 ἶρῗςιιοιὲξὶέλ
883 4048 957 4129 made
966 4047 1049 4129 tothis
1056 4048 1089 4109 by
1096 4048 1137 4096 Sir
1144 4048 1254 4129 Thomas
1261 4048 1351 4130 Craig,

432 4126 618 4242 “zelamus
631 4148 707 4233 Mart.
719 4184 799 4234 West.
882 4117 1115 4250 fflffiptffie
1122 4117 1351 4250 llrllll‘nllnolllglclrl

432 4247 441 4276 ⁴
459 4250 484 4298 Α
507 4251 606 4301 Scotish
630 4253 702 4315 reply
725 4252 771 4303 has
794 4255 858 4304 been
882 4256 924 4306 the
936 4257 993 4307 Lib.
1004 4256 1034 4307 ol
1041 4257 1083 4306 the
1096 4257 1156 4307 Fac.
1169 4257 1247 4320 Adra,
1258 4258 1337 4308 Edin.
