2940 4950
564 476 747 526 essenus.
1070 460 1137 526 329

185 637 325 702 nomine
351 634 444 718 regis
472 633 631 699 Franciae
655 642 864 717 poneretur;
896 634 940 699 de
970 634 1135 701 ministris
1146 652 1273 746 granatum·

184 756 326 822 qnoque
347 755 409 819 per
432 753 546 817 regem
570 734 711 816 Angliae
733 736 770 799 in
797 734 974 800 Vasconia
1001 737 1135 818 positis,
1177 715 1246 755 Μ’

184 838 335 921 aliisque
351 855 414 919 per
425 841 535 899 totam
552 841 691 911 terram,
710 854 774 917 pro
789 835 889 898 libitu
913 835 1005 917 regis
1024 836 1134 899 Fran-

185 956 307 1001 corum
341 934 478 1000 obsides
510 934 739 999 traderentur.
806 934 943 1013 Quibus
975 936 1136 1017 peractis,

187 1055 252 1101 rex
276 1035 434 1100 Franciae
456 1034 655 1098 citationem
677 1034 712 1097 in
736 1033 817 1097 aula
840 1033 1029 1099 Parisiensi
1052 1037 1135 1118 pub·

186 1136 329 1200 licatam
359 1134 489 1199 faceret
519 1133 702 1198 revocari:
743 1141 859 1197 castra
891 1153 974 1198 vero
1009 1135 1136 1213 omnia,

188 1236 317 1300 amotis
338 1234 567 1299 servientibus
585 1234 620 1295 in
642 1233 841 1297 civitatibus
860 1235 985 1316 positis
1006 1241 1042 1298 et
1058 1254 1135 1298 cas-

190 1336 269 1412 tris,
296 1334 502 1416 obsidesque
526 1333 571 1398 ad
600 1332 800 1415 petitionem
829 1333 975 1396 duarum
1002 1333 1137 1416 regina-

189 1454 281 1511 rum,
310 1433 366 1499 vel
397 1434 500 1497 unius
531 1451 663 1509 earum,
691 1433 888 1497 restitueret
922 1434 997 1496 sine
1030 1453 1135 1498 mora.

190 1534 341 1616 Resque
375 1531 514 1614 Angliae
543 1551 709 1596 concesso
738 1532 804 1596 sibi
837 1532 936 1597 salvo
965 1534 1137 1598 conductu

189 1632 375 1699 Ambianis
405 1633 550 1709 veniret,
573 1640 613 1696 ut
643 1632 690 1694 ibi
722 1631 839 1696 habito
867 1640 988 1697 mutuo
1017 1653 1137 1715 regum

190 1732 378 1817 colloquio,
392 1751 465 1815 pax
479 1742 515 1796 et
530 1731 683 1795 amicitia
699 1732 735 1794 in
752 1739 927 1814 posterum
947 1726 1139 1797 ¹firmaren·

191 1842 262 1898 tur.
320 1832 433 1914 Super
471 1831 525 1895 bis
557 1831 724 1895 confectis
756 1833 907 1915 scriptis,
940 1853 1045 1897 nnnm
1077 1853 1139 1916 per

190 1932 331 2015 reginas
349 1932 523 2013 signatum
546 1930 750 1995 Eadmundo
775 1933 933 2010 traditur,
951 1932 1045 1997 alind
1071 1935 1139 2017 sig·

192 2043 313 2096 natum
336 2032 381 2095 ab
399 2031 603 2095 Eadmundo
625 2030 884 2097 commendatur
898 2034 1039 2114 reginis,
1061 2053 1140 2116 quae

191 2131 278 2196 data
301 2130 368 2196 fide
389 2131 425 2194 in
447 2150 552 2195 manu
573 2131 767 2195 Eadmundi
785 2133 1015 2213 promiserunt
1038 2141 1142 2215 pacta

192 2231 229 2295 in
245 2231 385 2313 scriptis
399 2230 488 2296 inita
504 2231 702 2295 nullatenus
718 2230 890 2297 violanda.

244 2330 464 2395 Certificatus
482 2350 587 2413 super
608 2330 662 2394 his
684 2350 746 2394 rex
765 2329 905 2413 Angliae
924 2350 987 2414 per
1008 2352 1141 2414 germa-
1155 2326 1302 2415 nemrim

194 2450 278 2495 uum
322 2450 437 2508 suum,
477 2431 629 2495 litteram
671 2449 775 2493 unam
819 2439 995 2513 patentem
1032 2431 1142 2497 direc-
1153 2405 1293 2499 {iiidf⁵⁸¹“'

194 2538 267 2595 tem
294 2530 452 2593 omnibus
477 2530 645 2594 ministris
670 2531 743 2593 suis
767 2530 803 2593 in
825 2530 1013 2611 Vasconia,
1034 2534 1142 2596 couti·

194 2636 334 2693 nentem
379 2628 580 2693 mandatum
625 2636 665 2693 ut
703 2631 739 2693 in
771 2632 931 2695 omuibus
968 2632 1141 2697 voluntati

195 2729 290 2811 regis
318 2728 532 2793 Francorum
558 2721 820 2811 ²0btemperent,
847 2732 1038 2796 transmisit
1063 2752 1141 2814 ger-

193 2847 312 2905 mano,
335 2848 397 2911 per
415 2849 492 2893 eum
519 2826 614 2913 (cum
637 2828 703 2893 sibi
724 2828 917 2916 videretur)
939 2832 1084 2896 ulterius
1107 2833 1142 2896 in

194 2928 406 2993 Vasconiam
449 2928 758 2994 transmittendam.
831 2930 989 3015 Recepta
1027 2932 1144 2996 littera

195 3027 434 3105 Eadmuudus,
451 3029 582 3093 veritus
603 3047 679 3093 eam
702 3031 935 3095 transmittere
956 3038 1142 3115 antequam

194 3127 263 3191 sibi
285 3136 461 3193 constaret
486 3147 531 3191 an
552 3147 615 3192 rex
635 3129 709 3211 ipse
731 3138 927 3211 acceptaret
952 3133 1144 3214 quaefacta

194 3227 334 3292 fuerant
362 3248 423 3310 por
445 3228 595 3309 reginas,
617 3228 743 3310 petivit
768 3229 896 3306 abeis,
926 3237 966 3293 ut
991 3251 1053 3313 per
1074 3232 1146 3296 dic-

194 3334 271 3392 tum
288 3320 394 3409 ³regis
407 3328 584 3411 proprium
601 3346 707 3410 snper
729 3327 916 3409 praemissis
933 3330 1059 3393 certior
1071 3331 1145 3395 red-

193 3426 347 3490 deretur.
404 3426 566 3510 Deuique
596 3427 826 3511 praesentibus
855 3427 1060 3493 Eadmundo
1093 3450 1146 3494 re-

193 3525 252 3608 gis
289 3525 430 3607 Angliae
472 3545 637 3608 germano
674 3533 710 3590 et
749 3546 858 3591 uxore
889 3547 954 3591 sua
993 3521 1146 3595 ⁴Blanca

195 3625 316 3707 regina
355 3624 539 3703 Navarrae,
573 3633 684 3690 matre
717 3626 846 3708 reginae
881 3629 1051 3708 Franciae,
1083 3651 1146 3695 nec

195 3745 266 3789 uon
289 3726 377 3789 duce
400 3725 627 3808 Burgundiae,
654 3724 807 3807 Hugoue
830 3727 872 3791 de
893 3726 968 3790 Ver
993 3730 1064 3794 filio
1087 3751 1145 3795 co·

195 3825 291 3888 mitis
328 3825 489 3902 oxoniae,
527 3844 568 3889 ac
597 3824 723 3889 clerico
756 3827 905 3908 quodam
935 3827 1073 3895 Joanne
1104 3831 1148 3895 de

197 3923 307 4007 lacy,
329 3945 392 3988 rex
418 3927 493 4008 ipse
515 3926 684 4008 promissa
704 3927 912 4007 reginarum,
931 3947 973 3992 ac
989 3923 1148 4012 ⁵peracta

233 4138 241 4170 ¹
259 4142 415 4191 ‘firmaretur
424 4138 443 4201 ς’
457 4142 539 4191 MSS.
722 4141 731 4168 ⁴
751 4146 757 4169 ‘
769 4144 883 4193 liluuebn
893 4139 907 4201 3'
921 4144 969 4192 on:
981 4148 988 4171 ‘
1000 4145 1123 4194 Blunclria
1134 4144 1150 4203 ·,'

232 4208 243 4236 ²
260 4212 268 4239 ‘
277 4206 503 4273 obtemperarerrt;’
521 4212 559 4260 M.
670 4202 674 4267 Ι
689 4212 736 4260 Ar.

232 4278 244 4311 ³
261 4276 360 4344 ‘einai
373 4282 411 4331 M.
670 4272 674 4341 i
724 4280 757 4307 ³⁴
767 4278 864 4342 pactas
876 4282 922 4331 Ar.
934 4287 957 4331 et
971 4283 1017 4332 Ar.
1032 4290 1090 4334 22⁰.
